=LDR  01837nam a2200373 i 4500
=001  b0000002769128
=005  20200430071352.7
=008  130220s2013\\\\ru\\\\\\\\\\\|000\0\ruso\
=009  991011756809705066
=020  \\$a9785919220060
=040  \\$aWA N$cWA N
=041  1\$arus$hlat$hger$heng$hfre$hpol
=245  00$a"Pered vsemirnoj krasotoû.." :$bžemčužiny evropejskoj poèzii v perevodah Afanasiâ Feta /$c[Vserossijskaâ gosudarstvennaâ biblioteka inostrannoj literatury im. M. I. Rudomino].
=260  \\$aMoskva :$b"Centr knigi Rudomino",$c2011.
=300  \\$a318, [2] s. ;$c25 cm.
=336  \\$aTekst$btxt$2rdacontent
=337  \\$aBez urządzenia pośredniczącego$bn$2rdamedia
=338  \\$aWolumin$bnc$2rdacarrier
=380  \\$iMajor genre$aLiterature$leng
=380  \\$aKsiążki
=381  \\$iMajor genre$aLyrical poetry$leng
=505  00$tSvitezânka ; Razgovor ; Svidanie v lesu ; Step' ; Dozor /$rAdam Mickevič.
=546  \\$aTekst równol. ros. i jęz. oryg. utworów.
=648  \7$a1801-1900$2DBN
=655  \7$aPoezja polska$y19 w.$2DBN
=700  12$aMickiewicz, Adam$d(1798-1855)$tDozor$1http://viaf.org/viaf/64009368
=700  12$aMickiewicz, Adam$d(1798-1855)$tRazgovor$1http://viaf.org/viaf/64009368
=700  12$aMickiewicz, Adam$d(1798-1855)$tStep'$1http://viaf.org/viaf/64009368
=700  12$aMickiewicz, Adam$d(1798-1855)$tSvidanie v lesu$1http://viaf.org/viaf/64009368
=700  12$aMickiewicz, Adam$d(1798-1855)$tSvitezânka$1http://viaf.org/viaf/64009368
=700  1\$aFet, Afanasij Afanasʹevič$d(1820-1892)$eTł.$1http://viaf.org/viaf/9868507
=710  2\$aIzdatel'stvo "Centr knigi Rudomino".$4pbl
=710  2\$aVserossijskaâ gosudarstvennaâ biblioteka inostrannoj literatury im. M. I. Rudomino
=995  \\$aPolska Bibliografia Literacka$bPBL 2013-2020: książki

