=LDR  01444nam a2200361 i 4500
=001  b0000002772502
=005  20200501071339.8
=008  130422s2013\\\\un\\\\\\\\\\\|000\0\ukro\
=009  991011890749705066
=020  \\$a9789667492417
=040  \\$aWA N$cWA N
=041  1\$aukr$hmulti
=100  1\$aPavlychko, Dmytro$d(1929- )$1http://viaf.org/viaf/3286151778213718130000
=245  10$aVibranì tvori u dvoh tomah.$nT. 2,$pPerekladi /$cDmitro Pavličko.
=260  \\$aKiïv :$bVseukraïns'ke deržavne specìalìzovane vidavnictvo "Ukraïns'ka enciklopedìâ" ìm. M. P. Bažana,$c2009.
=300  \\$a604, [4] s. ;$c20 cm.
=336  \\$aTekst$btxt$2rdacontent
=337  \\$aBez urządzenia pośredniczącego$bn$2rdamedia
=338  \\$aWolumin$bnc$2rdacarrier
=380  \\$iMajor genre$aLiterature$leng
=380  \\$aKsiążki
=381  \\$iMajor genre$aOther$leng
=381  \\$iMajor genre$aLyrical poetry$leng
=490  1\$aBìblìoteka Ukraïns'koï Lìteraturnoï Enciklopedìï
=500  \\$aZawiera m.in. przekłady utworów aut. polskich.
=546  \\$aTł. z wielu jęz.
=648  \7$a1801-1900$2DBN
=648  \7$a1901-2000$2DBN
=655  \7$aAntologia$2DBN
=655  \7$aPoezja polska$xprzekłady ukraińskie$2DBN
=655  \7$aPoezja$y19-20 w.$2DBN
=830  \0$aBìblìoteka Ukraïns'koï Lìteraturnoï Enciklopedìï
=995  \\$aPolska Bibliografia Literacka$bPBL 2013-2020: książki

