=LDR  01249nam a2200361 i 4500
=001  b0000002778121
=005  20200430071213.8
=008  121002s2013\\\\pl\\\\\\\\\\\|000\f\pol\\
=009  991012116719705066
=015  \\$aUWD 2012/29811
=020  \\$a9788324022854
=040  \\$aWA N$cWA N
=041  1\$apol$heng
=080  \\$a821.111(73)-3
=100  1\$aMcQuestion, Karen
=245  10$aDroga do domu /$cKaren McQuestion ; tł. Joanna Dziubińska.
=246  1\$iTyt. oryg.:$aLong way home,$f2012
=260  \\$aKraków :$bSpołeczny Instytut Wydawniczy Znak,$c2013.
=300  \\$a390, [1] s. ;$c17 cm.
=336  \\$aTekst$btxt$2rdacontent
=337  \\$aBez urządzenia pośredniczącego$bn$2rdamedia
=338  \\$aWolumin$bnc$2rdacarrier
=380  \\$iMajor genre$aLiterature$leng
=380  \\$aKsiążki
=381  \\$iMajor genre$aFiction$leng
=388  1\$a2001-
=490  1\$aZaczytaj się
=500  \\$aTyt. oryg.: The long way home, 2012.
=655  \7$aPowieść amerykańska$y21 w.$2DBN
=700  1\$aDziubińska, Joanna$c(filolog)$eTł.
=710  2\$aSpołeczny Instytut Wydawniczy Znak$4pbl$1http://viaf.org/viaf/131592593
=830  \0$aZaczytaj się
=995  \\$aPolska Bibliografia Literacka$bPBL 2013-2020: książki

