=LDR  01173nam a2200277 i 4500
=001  b0000002800970
=005  20200430071121.8
=008  131219s2013\\\\it\a\\\\\\\\\|000\0\eng\\
=009  991013019459705066
=040  \\$aWA N$cWA N
=041  1\$aeng$hpol
=245  00$aAujourd'hui c'est mon anniversaire :$bT. Kantor Théatre Cricot 2 /$cprogram by Elisabetta Di Mambro ; [tł. Ludmiła Ryba and Michal Kobialka].
=246  1\$iTyt. oryg.:$aDziś są moje urodziny
=260  \\$aMilan :$bCRT Artificio,$c1991.
=300  \\$a24 s. :$bil. ;$c29 cm.
=336  \\$aTekst$btxt$2rdacontent
=337  \\$aBez urządzenia pośredniczącego$bn$2rdamedia
=338  \\$aWolumin$bnc$2rdacarrier
=380  \\$aKsiążki
=600  17$aKantor, Tadeusz$d(1915-1990)$tDziś są moje urodziny$2DBN$1http://viaf.org/viaf/64007418
=650  \7$aTeatr polski$xhistoria$yod 1944 r.$2DBN
=700  1\$aDi Mambro, Elisabetta$eOprac.
=700  1\$aKantor, Tadeusz$d(1915-1990)$1http://viaf.org/viaf/64007418
=700  1\$aKobiałka, Michał$d(1957- )$eTł.$1http://viaf.org/viaf/73986752
=700  1\$aRyba, Ludmiła$eTł.
=995  \\$aPolska Bibliografia Literacka$bPBL 2013-2020: książki

