=LDR  01074nam a2200301 i 4500
=001  b0000002815752
=005  20210321073540.4
=008  121129s2013\\\\pl\\\\\\\\\\\|000\f\pol\\
=009  991013606229705066
=015  \\$aUWD 2013/598
=020  \\$a9788325704957
=040  \\$aWA N$cWA N
=080  \\$a821.162.1-3
=100  1\$aSarwa, Andrzej$d(1953- )$1http://viaf.org/viaf/101741449
=245  10$aUwikłany /$cAndrzej Juliusz Sarwa.
=260  \\$aSandomierz :$bWydawnictwo Diecezjalne i Drukarnia,$c2013.
=300  \\$a277, [2] s. ;$c20 cm.
=336  \\$aTekst$btxt$2rdacontent
=337  \\$aBez urządzenia pośredniczącego$bn$2rdamedia
=338  \\$aWolumin$bnc$2rdacarrier
=380  \\$iMajor genre$aLiterature$leng
=380  \\$aKsiążki
=381  \\$iMajor genre$aFiction$leng
=388  1\$a2001-
=500  \\$aWyd. 1. pt.: Cień Władcy Sabatu.
=655  \7$aPowieść polska$y21 w.$2DBN
=710  2\$aWydawnictwo Diecezjalne i Drukarnia (Sandomierz)$4pbl$1http://viaf.org/viaf/296901067
=995  \\$aPolska Bibliografia Literacka$bPBL 2013-2020: książki

