=LDR  01315nam a2200361 i 4500
=001  b0000002816193
=005  20210518131149.6
=008  130422s2013\\\\it\a\\\\\\\\\|000\0aeng\\
=009  991013623569705066
=015  \\$aPZ 134/2008
=020  \\$a9788861300354
=040  \\$aWA N$cWA N
=100  1\$aAbakanowicz, Magdalena$d(1930-2017)$1http://viaf.org/viaf/96291179
=245  10$aFate and art :$bmonologue /$cMagdalena Abakanowicz.
=260  \\$aMilano :$bSkira Editore,$c2008.
=300  \\$a239 s. :$bil. (gł. kolor.) ;$c31 cm.
=336  \\$aTekst$btxt$2rdacontent
=337  \\$aBez urządzenia pośredniczącego$bn$2rdamedia
=338  \\$aWolumin$bnc$2rdacarrier
=380  \\$iMajor genre$aLiterature$leng
=380  \\$aAlbumy i książki artystyczne
=380  \\$aKsiążki
=381  \\$iMajor genre$aOther$leng
=504  \\$aBibliogr. s. 237-238. Indeks.
=600  17$aAbakanowicz, Magdalena$d(1930-2017)$2DBN$1http://viaf.org/viaf/96291179
=648  \7$a1901-2000$2DBN
=648  \7$a2001-$2DBN
=650  \7$aRzeźba polska$y20 w.$2DBN
=650  \7$aRzeźbiarze polscy$yod 1944 r.$2DBN
=655  \7$aAlbum$2DBN
=655  \7$aPamiętniki polskie$y20-21 w.$2DBN
=710  2\$aSkira editore$1http://viaf.org/viaf/268193250
=995  \\$aPolska Bibliografia Literacka$bPBL 2013-2020: książki

