=LDR  01091nam a2200301 i 4500
=001  b0000002826873
=005  20210321073049.3
=008  121218s2013\\\\pl\a\\\\\\\\\|000\0\pol\\
=009  991014051619705066
=015  \\$aUWD 2013/521
=020  \\$a9788325703882
=040  \\$aWA N$cWA N
=080  \\$a82-84
=245  00$aMiłość pięciogwiazdkowa /$c[oprac. oraz wybór tekstów] Bogdan Król.
=260  \\$aSandomierz :$bWydawnictwo Diecezjalne i Drukarnia,$c2013.
=300  \\$a63, [1] s. :$bil. kolor. ;$c19 cm.
=336  \\$aTekst$btxt$2rdacontent
=337  \\$aBez urządzenia pośredniczącego$bn$2rdamedia
=338  \\$aWolumin$bnc$2rdacarrier
=380  \\$iMajor genre$aLiterature$leng
=380  \\$aKsiążki
=380  \\$aProza
=381  \\$iMajor genre$aOther$leng
=655  \7$aAforyzmy$2DBN
=655  \7$aCytaty$2DBN
=700  1\$aKról, Bogdan$d(1966- )$eOprac.$1http://viaf.org/viaf/167050570
=710  2\$aWydawnictwo Diecezjalne i Drukarnia (Sandomierz)$4pbl$1http://viaf.org/viaf/296901067
=995  \\$aPolska Bibliografia Literacka$bPBL 2013-2020: książki

