=LDR  01254nam a2200337 i 4500
=001  b0000002827414
=005  20210321073000.0
=008  121218s2013\\\\pl\a\\\\\\\\\|000\1\pol\\
=009  991014073459705066
=015  \\$aUWD 2013/551
=020  \\$a9788325705008
=040  \\$aWA N$cWA N
=080  \\$a821.162.1-84
=100  1\$aDrząszcz, Gabriela
=245  10$aNajważniejsza jest miłość :$bcałość to dwie połowy /$cGabriela Drząszcz ; [zdj. Marian Grzybowski, Lucyna Golczak].
=260  \\$aSandomierz :$bWydawnictwo Diecezjalne i Drukarnia,$c2013.
=300  \\$a47, [1] s. :$bil. kolor. ;$c14 cm.
=336  \\$aTekst$btxt$2rdacontent
=337  \\$aBez urządzenia pośredniczącego$bn$2rdamedia
=338  \\$aWolumin$bnc$2rdacarrier
=380  \\$iMajor genre$aLiterature$leng
=380  \\$aKsiążki
=380  \\$aProza
=381  \\$iMajor genre$aOther$leng
=386  \\$mPrzynależność kulturowa$aLiteratura polska
=388  1\$a2001-
=655  \7$aAforyzmy$2DBN
=700  1\$aGolczak, Lucyna$eFot.
=700  1\$aGrzybowski, Marian$c(fotograf)$eFot.
=710  2\$aWydawnictwo Diecezjalne i Drukarnia (Sandomierz)$4pbl$1http://viaf.org/viaf/296901067
=995  \\$aPolska Bibliografia Literacka$bPBL 2013-2020: książki

