=LDR  01092nam a2200301 i 4500
=001  b0000002830729
=005  20210321073426.0
=008  121228s2013\\\\pl\\\\\\\\\\\|000\p\pol\\
=009  991014203029705066
=015  \\$aUWD 2013/608
=020  \\$a9788360737248
=040  \\$aWA N$cWA N
=080  \\$a821.162.1-1
=100  1\$aTurowska, Sabina$d(1946- )$1http://viaf.org/viaf/163080633
=245  10$aZiarenko /$cSabina Turowska, Wojciech Guzewicz.
=260  \\$aEłk :$bWydawnictwo Diecezjalne Adalbertinum,$c2013.
=300  \\$a106 s. ;$c21 cm.
=336  \\$aTekst$btxt$2rdacontent
=337  \\$aBez urządzenia pośredniczącego$bn$2rdamedia
=338  \\$aWolumin$bnc$2rdacarrier
=380  \\$iMajor genre$aLiterature$leng
=380  \\$aKsiążki
=381  \\$iMajor genre$aLyrical poetry$leng
=388  1\$a2001-
=655  \7$aPoezja polska$y21 w.$2DBN
=700  1\$aGuzewicz, Wojciech$d(1968- )$1http://viaf.org/viaf/26462734
=710  2\$aWydawnictwo Diecezjalne Adalbertinum$4pbl$1http://viaf.org/viaf/301751513
=995  \\$aPolska Bibliografia Literacka$bPBL 2013-2020: książki

