=LDR  01273nam a2200349 i 4500
=001  b0000002830807
=005  20210320073103.2
=008  121228s2013\\\\pl\\\\\\\\\\\|000\0\pol\\
=009  991014205979705066
=015  \\$aUWD 2013/507
=020  \\$a9788376042176
=040  \\$aWA N$cWA N
=080  \\$a821.162.1(091)
=100  1\$aSzczepaniec, Teresa
=245  10$aSzkaplerz w literaturze polskiej /$cTeresa Szczepaniec.
=260  \\$aCzerna :$bSanktuarium Matki Bożej Szkaplerznej ;$aKraków :$bWydawnictwo Karmelitów Bosych,$c2013.
=300  \\$a99, [4] s. ;$c20 cm.
=336  \\$aTekst$btxt$2rdacontent
=337  \\$aBez urządzenia pośredniczącego$bn$2rdamedia
=338  \\$aWolumin$bnc$2rdacarrier
=380  \\$aKsiążki
=600  07$aMaria$c(matka Jezusa Chrystusa)$xkult$xkatolicyzm.$2DBN
=648  \7$a1401-1500$2DBN
=648  \7$a1501-1600$2DBN
=648  \7$a1601-1700$2DBN
=648  \7$a1701-1800$2DBN
=648  \7$a1801-1900$2DBN
=648  \7$a1901-2000$2DBN
=650  \7$aSzkaplerz (medalik)$xw literaturze polskiej$2DBN
=655  \7$aLiteratura polska$xtematyka$y15-20 w.$2DBN
=710  2\$aWydawnictwo Karmelitów Bosych (Kraków)$4pbl$1http://viaf.org/viaf/163435473
=995  \\$aPolska Bibliografia Literacka$bPBL 2013-2020: książki

