=LDR  01165nam a2200349 i 4500
=001  b0000002831678
=005  20210327092913.5
=008  121231s2013\\\\pl\a\\\\\\\\\|001\e\pol\\
=009  991014240889705066
=015  \\$aUWD 2013/823
=020  \\$a9788375912395
=040  \\$aWA N$cWA N$dWA N
=080  \\$a(047)
=080  \\$a308(438)
=100  1\$aCzalej, Sławomir
=245  10$aPomorskie perły :$breportaże z Pomorza 2006-2012 /$cSławomir Czalej.
=246  30$aReportaże z Pomorza 2006-2012
=260  \\$aGdynia :$bWydawnictwo Region,$ccop. 2013.
=300  \\$a219, [1] s., [16] s. tabl. :$bil. (w tym kolor.) ;$c21 cm.
=336  \\$aTekst$btxt$2rdacontent
=337  \\$aBez urządzenia pośredniczącego$bn$2rdamedia
=338  \\$aWolumin$bnc$2rdacarrier
=380  \\$iMajor genre$aLiterature$leng
=380  \\$aKsiążki
=381  \\$iMajor genre$aOther$leng
=504  \\$aIndeksy.
=648  \7$a2001-$2DBN
=651  \7$aPomorze$2DBN
=655  \7$aReportaż polski$y21 w.$2DBN
=658  \\$aHistoria
=710  2\$aWydawnictwo Region$4pbl$1http://viaf.org/viaf/267706900
=995  \\$aPolska Bibliografia Literacka$bPBL 2013-2020: książki

