=LDR  01336nam a2200361 i 4500
=001  b0000002832295
=005  20210321073828.3
=008  130102s2013\\\\pl\\\\\\\\\\\|000\0\pol\\
=009  991014265069705066
=015  \\$aUWD 2013/1228
=020  \\$a9788362661794
=040  \\$aWA N$cWA N
=080  \\$a821.133.1(091)-1"11"
=100  1\$aMętrak-Ruda, Natalia
=245  10$a"Historię wam opowiem, o której śpiewali dawni Bretonowie" :$bo "Lais" Marii z Francji /$cNatalia Mętrak.
=246  13$aHistorię wam opowiem... o "Lais" Marii z Francji
=246  18$aHistorię wam opowiem...
=260  \\$aSandomierz :$bWydawnictwo Armoryka,$c2013.
=300  \\$a122, [2] s. ;$c21 cm.
=336  \\$aTekst$btxt$2rdacontent
=337  \\$aBez urządzenia pośredniczącego$bn$2rdamedia
=338  \\$aWolumin$bnc$2rdacarrier
=380  \\$iMajor genre$aLiterature$leng
=380  \\$aKsiążki
=381  \\$iMajor genre$aLyrical poetry$leng
=490  1\$aBiblioteka Celtycka ;$vnr 11
=504  \\$aBibliogr. s. 115-121.
=600  07$aMarie de France.$tLais$2DBN
=648  \7$a1101-1200$2DBN
=655  \7$aPoezja francuska$xhistoria$y12 w.$2DBN
=710  2\$aWydawnictwo Armoryka$4pbl$1http://viaf.org/viaf/313081887
=830  \0$aBiblioteka Celtycka$vnr 11
=995  \\$aPolska Bibliografia Literacka$bPBL 2013-2020: książki

