=LDR  00982nam a2200289 i 4500
=001  b0000002832650
=005  20210321073828.3
=008  130103s2013\\\\pl\\\\\\\\\\\|000\f\pol\\
=009  991014279559705066
=015  \\$aUWD 2013/1266
=020  \\$a9788363579128
=040  \\$aWA N$cWA N
=080  \\$a821.162.1-3
=100  1\$aKoryl, Janusz$d(1962- )$1http://viaf.org/viaf/84221279
=245  10$aUrojenie /$cJanusz Koryl.
=260  \\$aRzeszów :$bWydawnictwo Dreams,$c2013.
=300  \\$a214, [2] s. ;$c21 cm.
=336  \\$aTekst$btxt$2rdacontent
=337  \\$aBez urządzenia pośredniczącego$bn$2rdamedia
=338  \\$aWolumin$bnc$2rdacarrier
=380  \\$iMajor genre$aLiterature$leng
=380  \\$aKsiążki
=381  \\$iMajor genre$aFiction$leng
=388  1\$a2001-
=655  \7$aPowieść polska$y21 w.$2DBN
=710  2\$aWydawnictwo Dreams, Lidia Miś-Nowak$4pbl$1http://viaf.org/viaf/303070997
=995  \\$aPolska Bibliografia Literacka$bPBL 2013-2020: książki

