=LDR  01135nam a2200301 i 4500
=001  b0000002834643
=005  20210321073228.5
=008  130108s2013\\\\pl\a\\\\\\\\\|000\p\pol\\
=009  991014359169705066
=015  \\$aUWD 2013/1956
=020  \\$a9788372733832
=040  \\$aWA N$cWA N
=080  \\$a821.162.1-1
=100  1\$aBartos, Stanisław$d(1934- )$1http://viaf.org/viaf/102246775
=245  10$aSłoneczne powroty /$cStanisław Bartos ; [zdj. Benedykt Kozieł et al.].
=260  \\$aKielce :$bOficyna Wydawnicza "Ston 2",$c2013.
=300  \\$a81, [1] s. :$bil. (w tym kolor.) ;$c20 cm.
=336  \\$aTekst$btxt$2rdacontent
=337  \\$aBez urządzenia pośredniczącego$bn$2rdamedia
=338  \\$aWolumin$bnc$2rdacarrier
=380  \\$iMajor genre$aLiterature$leng
=380  \\$aKsiążki
=381  \\$iMajor genre$aLyrical poetry$leng
=388  1\$a2001-
=655  \7$aPoezja polska$y21 w.$2DBN
=700  1\$aKozieł, Benedykt$d(1959- )$eFot.$1http://viaf.org/viaf/101811090
=710  2\$aOficyna Wydawnicza Ston 2$4pbl$1http://viaf.org/viaf/296382803
=995  \\$aPolska Bibliografia Literacka$bPBL 2013-2020: książki

