=LDR  01287nam a2200373 i 4500
=001  b0000002835077
=005  20210321073607.6
=008  130109s2013\\\\pl\a\\\a\\\\\|000\j\pol\\
=009  991014377519705066
=015  \\$aUWD 2013/2031
=020  \\$a9788324826216
=020  \\$a9788324829156
=040  \\$aWA N$cWA N
=041  1\$apol$hund
=080  \\$a82-93
=100  1\$aLaurendon, Gilles$d(1957- )$1http://viaf.org/viaf/268349177
=245  10$aIndyk, indyczka i indyczę /$c[text by Gilles Laurendon ; tł. Wojciech Tyszka].
=246  14$aIndyk :$bna podwórzu
=260  \\$aWarszawa :$bDe Agostini Polska,$ccop. 2012.
=300  \\$a24 s. :$bil. kolor. ;$c21 cm +$ezabawka.
=336  \\$aTekst$btxt$2rdacontent
=337  \\$aBez urządzenia pośredniczącego$bn$2rdamedia
=338  \\$aWolumin$bnc$2rdacarrier
=380  \\$iMajor genre$aLiterature$leng
=380  \\$aKsiążki
=381  \\$iMajor genre$aFiction$leng
=388  1\$a2001-
=490  1\$aWesoła Farma Bawi i Uczy ;$v37
=500  \\$aNazwa aut. w cop.
=655  \7$aOpowiadanie dziecięce francuskie$y21 w.$2DBN
=700  1\$aTyszka, Wojciech$eTł.
=710  2\$aDe Agostini Polska$4pbl
=830  \0$aWesoła Farma Bawi i Uczy $v37
=995  \\$aPolska Bibliografia Literacka$bPBL 2013-2020: książki

