=LDR  01046nam a2200289 i 4500
=001  b0000002835373
=005  20210321073736.0
=008  130110s2013\\\\pl\a\\\\\\\\\|000\p\pol\\
=009  991014389469705066
=015  \\$aUWD 2013/2034
=020  \\$a9788372575814
=040  \\$aWA N$cWA N
=080  \\$a821.162.1-93
=100  1\$aMamcarz, Elżbieta$d(1951- )$1http://viaf.org/viaf/162122373
=245  10$aOpowiem ci o Aniołach /$cElżbieta Mamcarz.
=260  \\$aWarszawa :$bWydawnictwo Sióstr Loretanek,$ccop. 2013.
=300  \\$a44, [3] s. :$bil. kolor. ;$c30 cm.
=336  \\$aTekst$btxt$2rdacontent
=337  \\$aBez urządzenia pośredniczącego$bn$2rdamedia
=338  \\$aWolumin$bnc$2rdacarrier
=380  \\$iMajor genre$aLiterature$leng
=380  \\$aKsiążki
=381  \\$iMajor genre$aLyrical poetry$leng
=388  1\$a2001-
=655  \7$aPoezja dziecięca polska$y21 w.$2DBN
=710  2\$aWydawnictwo Sióstr Loretanek$4pbl$1http://viaf.org/viaf/296786815
=995  \\$aPolska Bibliografia Literacka$bPBL 2013-2020: książki

