=LDR  01284nam a2200337 i 4500
=001  b0000002835730
=005  20210321073938.6
=008  130110s2013\\\\pl\a\\\\\\\\\|000\p\pol\\
=009  991014402959705066
=015  \\$aUWD 2013/2058
=020  \\$a9788325905309
=040  \\$aWA N$cWA N
=080  \\$a821.162.1-93
=100  1\$aUsenko, Natalia$d(1969- )$1http://viaf.org/viaf/84719410
=245  10$aWiersze.$nCz. 1 /$cNatalia Usenko ; [il. Marcin Piwowarski].
=260  \\$aWarszawa :$bDe Agostini Polska :$bWydawnictwo Wilga,$ccop. 2013.
=300  \\$a23, [1] s. :$bil. kolor. ;$c28 cm.
=336  \\$aTekst$btxt$2rdacontent
=337  \\$aBez urządzenia pośredniczącego$bn$2rdamedia
=338  \\$aWolumin$bnc$2rdacarrier
=380  \\$iMajor genre$aLiterature$leng
=380  \\$aKsiążki
=381  \\$iMajor genre$aLyrical poetry$leng
=388  1\$a2001-
=490  1\$aKsiążki dla Małych i Dużych ;$v35
=655  \7$aPoezja dziecięca polska$y21 w.$2DBN
=700  1\$aPiwowarski, Marcin$d(1972- )$eIl.$1http://viaf.org/viaf/5263056
=710  2\$aDe Agostini Polska$4pbl
=710  2\$aWydawnictwo Wilga$4pbl$1http://viaf.org/viaf/136589187
=830  \0$aKsiążki dla Małych i Dużych$v35
=995  \\$aPolska Bibliografia Literacka$bPBL 2013-2020: książki

