=LDR  01173nam a2200325 i 4500
=001  b0000002835759
=005  20210528072046.5
=008  130110s2013\\\\pl\a\\\\\6\\\|000\j\pol\\
=009  991014404119705066
=015  \\$aUWD 2013/2028
=020  \\$a9788372575821
=040  \\$aWA N$cWA N
=080  \\$a821.162.1-93-91
=100  1\$aKaczmarek, Piotr$c(ksiądz)
=245  10$aJa jestem chlebem życia :$bopowieści eucharystyczne /$cscen. i rys. Piotr Kaczmarek.
=260  \\$aWarszawa :$bWydawnictwo Sióstr Loretanek,$ccop. 2013.
=300  \\$a47, [1] s. :$bil. kolor. ;$c28 cm.
=336  \\$aTekst$btxt$2rdacontent
=337  \\$aBez urządzenia pośredniczącego$bn$2rdamedia
=338  \\$aWolumin$bnc$2rdacarrier
=380  \\$iMajor genre$aLiterature$leng
=380  \\$aKsiążki
=381  \\$iMajor genre$aOther$leng
=381  \\$iMajor genre$aFiction$leng
=388  1\$a2001-
=655  \7$aKomiks$2DBN
=655  \7$aOpowiadanie dziecięce polskie$y21 w.$2DBN
=710  2\$aWydawnictwo Sióstr Loretanek$4pbl$1http://viaf.org/viaf/296786815
=923  \\$aWydawnictwo Sióstr Loretanek
=995  \\$aPolska Bibliografia Literacka$bPBL 2013-2020: książki

