=LDR  01104nam a2200301 i 4500
=001  b0000002836250
=005  20210321074131.7
=008  130111s2013\\\\pl\a\\\\\\\\\|000\p\pol\\
=009  991014423849705066
=015  \\$aUWD 2013/2051
=020  \\$a9788325705022
=040  \\$aWA N$cWA N
=080  \\$a821.162.1-93
=100  1\$aStadtmüller, Ewa
=245  10$aDwa serca /$ctekst Ewa Stadtmüller ; il. Kazimierz Wasilewski.
=260  \\$aSandomierz :$bWydawnictwo Diecezjalne i Drukarnia,$ccop. 2013.
=300  \\$a30, [2] s. :$bil. kolor. ;$c24 cm.
=336  \\$aTekst$btxt$2rdacontent
=337  \\$aBez urządzenia pośredniczącego$bn$2rdamedia
=338  \\$aWolumin$bnc$2rdacarrier
=380  \\$iMajor genre$aLiterature$leng
=380  \\$aKsiążki
=381  \\$iMajor genre$aLyrical poetry$leng
=388  1\$a2001-
=655  \7$aPoezja dziecięca polska$y21 w.$2DBN
=700  1\$aWasilewski, Kazimierz$c(ilustrator)$eIl.
=710  2\$aWydawnictwo Diecezjalne i Drukarnia (Sandomierz)$4pbl$1http://viaf.org/viaf/296901067
=995  \\$aPolska Bibliografia Literacka$bPBL 2013-2020: książki

