=LDR  01062nam a2200289 i 4500
=001  b0000002836632
=005  20210321073540.4
=008  130114s2013\\\\pl\\\\\\\\\\\|000\p\pol\\
=009  991014439289705066
=015  \\$aUWD 2013/3155
=020  \\$a9788363148027
=040  \\$aWA N$cWA N$dWA N
=080  \\$a821.162.1-1
=100  1\$aKuczyńska-Ginko, Dagmara$d(1961-2020)$1http://viaf.org/viaf/166405418
=245  10$aWiersze Dagmary /$cDagmara Kuczyńska-Ginko.
=260  \\$aKraków :$bWydawnictwo Pocieszka Polski Instytut Psychoterapii Integratywnej,$ccop. 2013.
=300  \\$a274, [1] s. ;$c21 cm.
=336  \\$aTekst$btxt$2rdacontent
=337  \\$aBez urządzenia pośredniczącego$bn$2rdamedia
=338  \\$aWolumin$bnc$2rdacarrier
=380  \\$iMajor genre$aLiterature$leng
=380  \\$aKsiążki
=381  \\$iMajor genre$aLyrical poetry$leng
=388  1\$a2001-
=655  \7$aPoezja polska$y21 w.$2DBN
=710  2\$aWydawnictwo Pocieszka$4pbl$1http://viaf.org/viaf/300699390
=995  \\$aPolska Bibliografia Literacka$bPBL 2013-2020: książki

