=LDR  01421nam a2200373 i 4500
=001  b0000002836756
=005  20210321073238.4
=008  130114s2013\\\\pl\\\\\\\\\\\|000\0apol\\
=009  991014444479705066
=015  \\$aUWD 2013/3215
=020  \\$a9788373924000
=040  \\$aWA N$cWA N
=041  1\$apol$hfre
=080  \\$a913(571.1/.5)
=080  \\$a929-051(44)"20"
=100  1\$aTesson, Sylvain$d(1972- )$1http://viaf.org/viaf/90723648
=245  10$aW syberyjskich lasach :$bluty - lipiec 2010 r. /$cSylvain Tesson ; przeł. Anna Michalska.
=246  1\$iTyt. oryg.:$aDans les forêts de Sibérie,$f2011
=260  \\$aWarszawa :$bOficyna Literacka Noir sur Blanc,$ccop. 2013.
=300  \\$a211, [4] s. ;$c24 cm.
=336  \\$aTekst$btxt$2rdacontent
=337  \\$aBez urządzenia pośredniczącego$bn$2rdamedia
=338  \\$aWolumin$bnc$2rdacarrier
=380  \\$iMajor genre$aLiterature$leng
=380  \\$aKsiążki
=381  \\$iMajor genre$aOther$leng
=600  17$aTesson, Sylvain$d(1972- )$2DBN$1http://viaf.org/viaf/90723648
=648  \7$a2001-$2DBN
=650  \7$aPodróżnicy$zFrancja$y21 w.$2DBN
=651  \7$aBajkał (Rosja ; wybrzeże)$y21 w.$2DBN
=655  \7$aPamiętniki francuskie$y21 w.$2DBN
=700  1\$aMichalska, Anna$eTł.
=710  2\$aOficyna Literacka Noir sur Blanc$4pbl$1http://viaf.org/viaf/296501064
=995  \\$aPolska Bibliografia Literacka$bPBL 2013-2020: książki

