=LDR  01422nam a2200373 i 4500
=001  b0000002837226
=005  20210527070348.2
=008  130115s2013\\\\pl\a\\\a\\\\\|000\p\pol\\
=009  991014463389705066
=015  \\$aUWD 2013/3201
=020  \\$a9788325705152
=040  \\$aWA N$cWA N
=080  \\$a821.162.1-93
=080  \\$a929-052(438)"18"
=080  \\$a929-052(438)"19"
=100  1\$aStadtmüller, Ewa
=245  10$aŚwięty Albert Chmielowski /$cEwa Stadtmüller ; il. Łukasz Zabdyr.
=260  \\$aSandomierz :$bWydawnictwo Diecezjalne i Drukarnia,$ccop. 2013.
=300  \\$a[12] s. :$bil. kolor. ;$c19x21 cm.
=336  \\$aTekst$btxt$2rdacontent
=337  \\$aBez urządzenia pośredniczącego$bn$2rdamedia
=338  \\$aWolumin$bnc$2rdacarrier
=380  \\$iMajor genre$aLiterature$leng
=380  \\$aKsiążki
=381  \\$iMajor genre$aLyrical poetry$leng
=388  1\$a2001-
=490  1\$aDla Przedszkolaka
=600  07$aChmielowski, Adam$c(święty ;$d(1846-1916)$2DBN$1http://viaf.org/viaf/146087109
=655  \7$aPoezja dziecięca polska$y21 w.$2DBN
=700  1\$aZabdyr, Łukasz$eIl.$1http://viaf.org/viaf/101872557
=710  2\$aWydawnictwo Diecezjalne i Drukarnia (Sandomierz)$4pbl$1http://viaf.org/viaf/296901067
=830  \0$aDla Przedszkolaka
=923  \\$aWydawnictwo Diecezjalne i Drukarnia (Sandomierz)
=995  \\$aPolska Bibliografia Literacka$bPBL 2013-2020: książki

