=LDR  01446nam a2200385 i 4500
=001  b0000002837231
=005  20200430071302.0
=008  130115s2013\\\\pl\a\\\a\\\\\|000\p\pol\\
=009  991014463559705066
=015  \\$aUWD 2013/3202
=020  \\$a9788325705169
=040  \\$aWA N$cWA N$dWA N
=080  \\$a821.162.1-93
=080  \\$a929-052(438)"18"
=080  \\$a929-052(438)"19"
=100  1\$aStadtmüller, Ewa
=245  10$aŚwięty Albert Chmielowski /$cEwa Stadtmüller ; il. Łukasz Zabdyr.
=260  \\$aSandomierz :$bWydawnictwo Diecezjalne i Drukarnia,$ccop. 2013.
=300  \\$a[12] s. :$bil. ;$c19x21 cm.
=336  \\$aTekst$btxt$2rdacontent
=337  \\$aBez urządzenia pośredniczącego$bn$2rdamedia
=338  \\$aWolumin$bnc$2rdacarrier
=380  \\$iMajor genre$aLiterature$leng
=380  \\$aKsiążki
=381  \\$iMajor genre$aLyrical poetry$leng
=388  1\$a2001-
=490  1\$aDla Przedszkolaka
=500  \\$aNa okł.: Do kolorowania.
=600  07$aChmielowski, Adam$c(święty ;$d(1846-1916)$2DBN$1http://viaf.org/viaf/146087109
=655  \7$aKsiążka do kolorowania$2DBN
=655  \7$aPoezja dziecięca polska$y21 w.$2DBN
=700  1\$aZabdyr, Łukasz$eIl.$1http://viaf.org/viaf/101872557
=710  2\$aWydawnictwo Diecezjalne i Drukarnia (Sandomierz)$4pbl$1http://viaf.org/viaf/296901067
=830  \0$aDla Przedszkolaka
=995  \\$aPolska Bibliografia Literacka$bPBL 2013-2020: książki

