=LDR  01117nam a2200325 i 4500
=001  b0000002837453
=005  20210321074036.2
=008  130115s2013\\\\pl\a\\\\\\\\\|000\0\pol\\
=009  991014472419705066
=015  \\$aUWD 2013/3194
=020  \\$a9788393497010
=040  \\$aWA N$cWA N
=080  \\$a821.162.1-93
=100  1\$aJakubczyk, Justyna
=245  10$aWojtuś u lekarza /$cJustyna Jakubczyk ; [il. Agnieszka Lodzińska].
=260  \\$aLublin :$bWydawnictwo Omnibus,$c[2013].
=300  \\$a[24] s. :$bil. kolor. ;$c18 cm.
=336  \\$aTekst$btxt$2rdacontent
=337  \\$aBez urządzenia pośredniczącego$bn$2rdamedia
=338  \\$aWolumin$bnc$2rdacarrier
=380  \\$iMajor genre$aLiterature$leng
=380  \\$aKsiążki
=381  \\$iMajor genre$aFiction$leng
=388  1\$a2001-
=490  1\$aDam Radę!
=655  \7$aOpowiadanie dziecięce polskie$y21 w.$2DBN
=700  1\$aLodzińska, Agnieszka.$eIl.
=710  2\$aWydawnictwo Omnibus, Justyna Jakubczyk$4pbl$1http://viaf.org/viaf/301459134
=830  \0$aDam Radę!
=995  \\$aPolska Bibliografia Literacka$bPBL 2013-2020: książki

