=LDR  01161nam a2200301 i 4500
=001  b0000002837753
=005  20210321073644.9
=008  130115s2013\\\\pl\a\\\\\\\\\|000\p\pol\\
=009  991014484329705066
=015  \\$aUWD 2013/3159
=020  \\$a9788325705015
=040  \\$aWA N$cWA N
=080  \\$a821.162.1-1
=100  1\$aLutosławska-Jaworska, Anna$d(1928- )$1http://viaf.org/viaf/106936406
=245  10$aDla Ciebie... /$cAnna Lutosławska-Jaworska ; [zdj. Marian Grzybowski et al.].
=260  \\$aSandomierz :$bWydawnictwo Diecezjalne i Drukarnia,$ccop. 2013.
=300  \\$a44, [4] s. :$bil. kolor. ;$c19 cm.
=336  \\$aTekst$btxt$2rdacontent
=337  \\$aBez urządzenia pośredniczącego$bn$2rdamedia
=338  \\$aWolumin$bnc$2rdacarrier
=380  \\$iMajor genre$aLiterature$leng
=380  \\$aKsiążki
=381  \\$iMajor genre$aLyrical poetry$leng
=648  \7$a1901-2000$2DBN
=655  \7$aPoezja polska$y20 w.$2DBN
=700  1\$aGrzybowski, Marian$c(fotograf)$eFot.
=710  2\$aWydawnictwo Diecezjalne i Drukarnia (Sandomierz)$4pbl$1http://viaf.org/viaf/296901067
=995  \\$aPolska Bibliografia Literacka$bPBL 2013-2020: książki

