=LDR  00996nam a2200289 i 4500
=001  b0000002838310
=005  20201127052355.5
=008  140210s2013\\\\ii\a\\\\\\\\\|000\p\eng\\
=009  991014506829705066
=015  \\$aPZ 2013
=020  \\$a9788182533608
=040  \\$aWA N$cWA N$dWA N
=080  \\$a82-1/-9(0.054)
=100  1\$aPłocharski, Wojciech$d(1964- )$1http://viaf.org/viaf/61875199
=245  10$aTea with vanilla /$cWojciech Plocharski ; [pict. Joanna Plocharski].
=260  \\$aAllahabad :$bCyberwit.net,$c2013.
=300  \\$a25, [2] s. :$bil. kolor. ;$c22 cm.
=336  \\$aTekst$btxt$2rdacontent
=337  \\$aBez urządzenia pośredniczącego$bn$2rdamedia
=338  \\$aWolumin$bnc$2rdacarrier
=380  \\$iMajor genre$aLiterature$leng
=380  \\$aKsiążki
=381  \\$iMajor genre$aLyrical poetry$leng
=388  1\$a2001-
=655  \7$aPoezja polska$y21 w.$2DBN
=700  1\$aPłocharska, Joanna$eFot.
=995  \\$aPolska Bibliografia Literacka$bPBL 2013-2020: książki

