=LDR  01360nam a2200325 i 4500
=001  b0000002838318
=005  20200430071155.6
=008  130522s2013\\\\xxc\\\\\\\\\\|001\0aeng\\
=009  991014507149705066
=020  \\$a0920517145
=040  \\$aWA N$cWA N
=100  1\$aGrygier, Tadeusz$d(1915-2010)$1http://viaf.org/viaf/104242798
=245  10$aExile: the Road to  knowledge :$bfragments of an intellectual autobiography /$cTadeusz Grygier ; [forew. Jerzy A. Wojciechowski].
=260  \\$aToronto :$bCanadian Polish Research Institute,$c2002.
=300  \\$a323 s. ;$c22 cm.
=336  \\$aTekst$btxt$2rdacontent
=337  \\$aBez urządzenia pośredniczącego$bn$2rdamedia
=338  \\$aWolumin$bnc$2rdacarrier
=380  \\$iMajor genre$aLiterature$leng
=380  \\$aKsiążki
=381  \\$iMajor genre$aOther$leng
=504  \\$aBibliogr. s. 307. Indeks.
=600  17$aGrygier, Tadeusz$d(1915-2010)$2DBN$1http://viaf.org/viaf/104242798
=648  \7$a1901-2000$2DBN
=650  \7$aPolacy za granicą$y20 w.$2DBN
=655  \7$aPamiętniki kanadyjskie$y20 w.$2DBN
=655  \7$aPamiętniki polskie$y20 w.$2DBN
=700  1\$aWojciechowski, Jerzy A$d(1925-2014)$ePrzedm.$1http://viaf.org/viaf/73903272
=710  2\$aCanadian Polish Research Institute$1http://viaf.org/viaf/137122994
=995  \\$aPolska Bibliografia Literacka$bPBL 2013-2020: książki

