=LDR  01280nam a2200337 i 4500
=001  b0000002838758
=005  20210321073120.4
=008  130117s2013\\\\pl\\\\\\\\\\\|000\0\pol\\
=009  991014524709705066
=015  \\$aUWD 2013/3123
=020  \\$a9788362495191
=040  \\$aWA N$cWA N
=041  1\$apol$aukr$hukr
=080  \\$a821.161.2-2
=100  1\$aVovk, Vìra$d(1926- )$1http://viaf.org/viaf/118977408
=245  10$aŚmieszny Święty :$b(dramat w 14 scenach) /$cWira Wowk ; przekł. z jęz. ukr. Tadeusz Karabowicz.
=260  \\$aLublin :$bWydawnictwo Episteme,$c2013.
=300  \\$a104 s. ;$c24 cm.
=336  \\$aTekst$btxt$2rdacontent
=337  \\$aBez urządzenia pośredniczącego$bn$2rdamedia
=338  \\$aWolumin$bnc$2rdacarrier
=380  \\$iMajor genre$aLiterature$leng
=380  \\$aKsiążki
=381  \\$iMajor genre$aDrama$leng
=500  \\$aNa s. tyt.: Wydawnictwo "Ukraińskiego Zaułka Literackiego".
=546  \\$aTekst równol. pol., ukr.
=648  \7$a1901-2000$2DBN
=655  \7$aDramat ukraiński$y20 w.$2DBN
=700  1\$aKarabovič, Tadej$d(1959- )$eTł.$1http://viaf.org/viaf/243034375
=710  2\$aWydawnictwo Episteme$4pbl$1http://viaf.org/viaf/296945407
=995  \\$aPolska Bibliografia Literacka$bPBL 2013-2020: książki

