=LDR  01774nam a2200409 i 4500
=001  b0000002839165
=005  20200430071303.7
=008  130118s2013\\\\pl\a\\\\\\\\\|000\0apol\\
=009  991014541049705066
=015  \\$aUWD 2013/3961
=020  \\$a9788360470312$z97883604703102
=040  \\$aWA N$cWA N
=041  1\$apol$ager$hger$hpol
=080  \\$a929-051(438)"19"
=080  \\$a94(438).08
=245  00$aOcalone słowa, ocalone dziedzictwo regionu =$bGerettete Worte, gerettetes Erbe der Region /$c[red. tekstów Grzegorz Staniszewski ; tł. Anna Mróz].
=246  31$aGerettete Worte, gerettetes Erbe der Region
=260  \\$aGliwice :$bDom Współpracy Polsko-Niemieckiej ;$aOpole :$bZwiązek Niemieckich Stowarzyszeń Społeczno-Kulturalnych w Polsce,$c[2013].
=300  \\$a96 s. :$bil. ;$c21 cm.
=336  \\$aTekst$btxt$2rdacontent
=337  \\$aBez urządzenia pośredniczącego$bn$2rdamedia
=338  \\$aWolumin$bnc$2rdacarrier
=380  \\$iMajor genre$aLiterature$leng
=380  \\$aKsiążki
=381  \\$iMajor genre$aOther$leng
=500  \\$aU góry s. tyt. nazwa projektu: Archiwum Historii Mówionej = Archiv der Erzählten Geschichte.
=546  \\$aTekst równol. pol., niem.
=648  \7$a1901-2000$2DBN
=651  \7$aGórny Śląsk$y20 w.$2DBN
=655  \7$aAntologia$2DBN
=655  \7$aPamiętniki mówione$2DBN
=655  \7$aPamiętniki polskie$y20 w.$2DBN
=700  1\$aMróz, Anna.$eTł.
=700  1\$aStaniszewski, Grzegorz$eRed.
=710  2\$aDom Współpracy Polsko-Niemieckiej$4pbl$1http://viaf.org/viaf/129932983
=710  2\$aZwiązek Niemieckich Stowarzyszeń Społeczno-Kulturalnych w Polsce$4pbl$1http://viaf.org/viaf/134766792
=995  \\$aPolska Bibliografia Literacka$bPBL 2013-2020: książki

