=LDR  01351nam a2200361 i 4500
=001  b0000002839175
=005  20210320073220.8
=008  130214s2013\\\\pl\a\\\\\\\\\|000\0dpol\\
=009  991014541439705066
=015  \\$aUWD 2013/6205
=020  \\$a9788360537688
=040  \\$aWA N$cWA N
=080  \\$a929-051(438)"19"
=080  \\$a929.5(438)"19"
=100  1\$aKosturek, Czesława$d(1943- )$1http://viaf.org/viaf/165080817
=245  10$aAndrzej /$cCzesława Kosturek.
=260  \\$aNamysłów :$bNamislavia, Tadeusz Wincewicz i S-ka,$c2013.
=300  \\$a215 s. :$bil. ;$c21 cm.
=336  \\$aTekst$btxt$2rdacontent
=337  \\$aBez urządzenia pośredniczącego$bn$2rdamedia
=338  \\$aWolumin$bnc$2rdacarrier
=380  \\$iMajor genre$aLiterature$leng
=380  \\$aKsiążki
=381  \\$iMajor genre$aOther$leng
=600  17$aKosturek, Andrzej$d(1968- )$2DBN$1http://viaf.org/viaf/53151776781718011499
=600  17$aKosturek, Czesława$d(1943- )$2DBN$1http://viaf.org/viaf/165080817
=600  37$aKosturkowie$c(rodzina)$2DBN
=648  \7$a1901-2000$2DBN
=648  \7$a1945-1989$2DBN
=650  \7$aRody$zPolska$y20 w.$2DBN
=655  \7$aPamiętniki polskie$y1956-1989 r.$2DBN
=710  2\$aNamislavia, Tadeusz Wincewicz$4pbl$1http://viaf.org/viaf/296782696
=995  \\$aPolska Bibliografia Literacka$bPBL 2013-2020: książki

