=LDR  01422nam a2200373 i 4500
=001  b0000002839229
=005  20210713054035.7
=008  130118s2013\\\\pl\\\\\\\\\\\|000\0\pol\\
=009  991014543579705066
=015  \\$aUWD 2013/3871
=020  \\$a9788363052447
=040  \\$aWA N$cWA N$dWA N
=080  \\$a821.162.1-3
=080  \\$a929-052(438)"19"
=100  1\$aKalinin, Andrzej$d(1933-2021)$1http://viaf.org/viaf/17389212
=245  10$a...i Bóg o nas zapomniał /$cAndrzej Kalinin.
=250  \\$aWyd. 13.
=260  \\$aCzęstochowa :$bWydawnictwo Literackie "Li-TWA",$c2013.
=300  \\$a188 s. ;$c25 cm.
=336  \\$aTekst$btxt$2rdacontent
=337  \\$aBez urządzenia pośredniczącego$bn$2rdamedia
=338  \\$aWolumin$bnc$2rdacarrier
=380  \\$iMajor genre$aLiterature$leng
=380  \\$aKsiążki
=381  \\$iMajor genre$aFiction$leng
=500  \\$aWyd. jubileuszowe w cyklu: Wokół Andrzeja Kalinina.
=586  8\$aLiteracka Nagroda Czesława Miłosza
=600  17$aKalinin, Andrzej$d(1933-2021)$2DBN$1http://viaf.org/viaf/17389212
=648  \7$a1901-2000$2DBN
=655  \7$aPowieść polska$y20 w.$2DBN
=710  2\$aLiterackie Towarzystwo Wzajemnej Adoracji "Li-TWA"$4pbl
=800  1\$aKalinin, Andrzej$d(1933- ).$tWokół Andrzeja Kalinina
=923  \\$aLiterackie Towarzystwo Wzajemnej Adoracji "Li-TWA".
=995  \\$aPolska Bibliografia Literacka$bPBL 2013-2020: książki

