=LDR  01271nam a2200337 i 4500
=001  b0000002839318
=005  20210713054040.8
=008  130118s2013\\\\pl\\\\\\\\\\\|000\f\pol\\
=009  991014547279705066
=015  \\$aUWD 2013/3873
=020  \\$a9788363052454
=040  \\$aWA N$cWA N
=080  \\$a821.162.1-3
=100  1\$aKalinin, Andrzej$d(1933-2021)$1http://viaf.org/viaf/17389212
=245  10$aZe sztambucha starego komucha :$bśmieszne opowieści z czasów PRL-u /$cAndrzej Kalinin.
=246  30$aŚmieszne opowieści z czasów PRL-u
=250  \\$aWyd. 3.
=260  \\$aCzęstochowa :$bWydawnictwo Literackie "Li-TWA",$c2013.
=300  \\$a254 s. ;$c25 cm.
=336  \\$aTekst$btxt$2rdacontent
=337  \\$aBez urządzenia pośredniczącego$bn$2rdamedia
=338  \\$aWolumin$bnc$2rdacarrier
=380  \\$iMajor genre$aLiterature$leng
=380  \\$aKsiążki
=381  \\$iMajor genre$aFiction$leng
=388  1\$a2001-
=500  \\$aWyd. jubileuszowe w cyklu: Wokół Andrzeja Kalinina.
=655  \7$aPowieść polska$y21 w.$2DBN
=710  2\$aLiterackie Towarzystwo Wzajemnej Adoracji "Li-TWA"$4pbl
=800  1\$aKalinin, Andrzej$d(1933- ).$tWokół Andrzeja Kalinina
=995  \\$aPolska Bibliografia Literacka$bPBL 2013-2020: książki

