=LDR  01340nam a2200349 i 4500
=001  b0000002839337
=005  20210713054031.4
=008  130118s2013\\\\pl\\\\\\\\\\\|000\0\pol\\
=009  991014548069705066
=015  \\$aUWD 2013/3872
=020  \\$a9788363052485
=040  \\$aWA N$cWA N$dWA N
=080  \\$a821.162.1-3
=100  1\$aKalinin, Andrzej$d(1933-2021)$1http://viaf.org/viaf/17389212
=245  10$aW cieniu złych drzew /$cAndrzej Kalinin.
=250  \\$aWyd. 11.
=260  \\$aCzęstochowa :$bWydawnictwo Literackie "Li-Twa",$c2013.
=300  \\$a223 s. ;$c25 cm.
=336  \\$aTekst$btxt$2rdacontent
=337  \\$aBez urządzenia pośredniczącego$bn$2rdamedia
=338  \\$aWolumin$bnc$2rdacarrier
=380  \\$iMajor genre$aLiterature$leng
=380  \\$aKsiążki
=381  \\$iMajor genre$aFiction$leng
=500  \\$aWyd. jubileuszowe w cyklu: Wokół Andrzeja Kalinina.
=586  \\$aKsiążka wyróżniona w roku 2003 Literacką Nagrodą Solidarności
=648  \7$a1901-2000$2DBN
=655  \7$aPowieść polska$y20 w.$2DBN
=710  2\$aLiterackie Towarzystwo Wzajemnej Adoracji "Li-TWA"$4pbl
=800  1\$aKalinin, Andrzej$d(1933- ).$tWokół Andrzeja Kalinina
=923  \\$aLiterackie Towarzystwo Wzajemnej Adoracji "Li-TWA".
=995  \\$aPolska Bibliografia Literacka$bPBL 2013-2020: książki

