=LDR  01137nam a2200313 i 4500
=001  b0000002840057
=005  20210527070623.4
=008  130121s2013\\\\pl\a\\\\\6\\\|000\1\pol\\
=009  991014576709705066
=015  \\$aUWD 2013/3884
=020  \\$a9788393336371
=040  \\$aWA N$cWA N
=080  \\$a821.162.1-91
=100  1\$aMyszkowska, Ilona
=245  10$aChata Wuja Freda :$b(prawie) trzy lata absurdu /$cIlona Myszkowska, Marcin Krzysiak.
=260  \\$a[Warszawa :$bFundacja Akademickie Inkubatory Przedsiębiorczości,$c2013].
=300  \\$a[176] s. :$bil. ;$c24 cm.
=336  \\$aTekst$btxt$2rdacontent
=337  \\$aBez urządzenia pośredniczącego$bn$2rdamedia
=338  \\$aWolumin$bnc$2rdacarrier
=380  \\$iMajor genre$aLiterature$leng
=380  \\$aKsiążki
=381  \\$iMajor genre$aOther$leng
=500  \\$aOpis wg okł.
=655  \7$aKomiks$2DBN
=700  1\$aKrzysiak, Marcin
=710  2\$aAkademickie Inkubatory Przedsiębiorczości$4pbl$1http://viaf.org/viaf/263632184
=923  \\$aAkademickie Inkubatory Przedsiębiorczości.
=995  \\$aPolska Bibliografia Literacka$bPBL 2013-2020: książki

