=LDR  01649nam a2200469 i 4500
=001  b0000002840466
=005  20210611073654.8
=008  130122s2013\\\\pl\a\\\\\\\\\|000\0dpol\\
=009  991014592619705066
=015  \\$aUWD 2013/3973
=020  \\$a9788392820055
=040  \\$aWA N$cWA N
=080  \\$a314.151.5(=162.1)
=080  \\$a929-051(438)"19"
=080  \\$a929-052(438)"19"
=080  \\$a94(438).082
=080  \\$a94(438).083
=100  1\$aSzymczyna, Arkadiusz
=245  10$aGłubczyccy kresowianie /$cArkadiusz Szymczyna, Katarzyna Maler.
=260  \\$aGłubczyce :$bPozytyw Szymon Popczyk,$c2013.
=300  \\$a316 s. :$bil. ;$c24 cm.
=336  \\$aTekst$btxt$2rdacontent
=337  \\$aBez urządzenia pośredniczącego$bn$2rdamedia
=338  \\$aWolumin$bnc$2rdacarrier
=380  \\$iMajor genre$aLiterature$leng
=380  \\$aKsiążki
=381  \\$iMajor genre$aOther$leng
=504  \\$aBibliogr. s. 315-316.
=648  \7$a1901-2000$2DBN
=648  \7$a1939-1945$2DBN
=648  \7$a1945-1989$2DBN
=650  \7$aRepatriacja$zPolska$y1944-1956 r.$2DBN
=650  \7$aWysiedlanie$zZSRR$y1945-1985 r.$2DBN
=651  \7$aGłubczyce (woj. opolskie)$xosadnictwo$y1944-1956 r.$2DBN
=651  \7$aKresy wschodnie Rzeczypospolitej$y1939-1945 r.$2DBN
=655  \7$aAntologia$2DBN
=655  \7$aBiografia$2DBN
=655  \7$aPamiętniki polskie$yod 1944 r.$2DBN
=700  1\$aMaler, Katarzyna$d(1968- )$1http://viaf.org/viaf/102127871
=710  2\$aPozytyw, Szymon Popczyk$4pbl$1http://viaf.org/viaf/300418859
=923  \\$aPozytyw, Szymon Popczyk
=995  \\$aPolska Bibliografia Literacka$bPBL 2013-2020: książki

