=LDR  01350nam a2200361 i 4500
=001  b0000002840488
=005  20210527070340.7
=008  130122s2013\\\\pl\\\\\\\\\\\|000\f\pol\\
=009  991014593499705066
=015  \\$aUWD 2013/3847
=020  \\$a9788373924109
=040  \\$aWA N$cWA N
=041  1\$apol$heng
=080  \\$a821.111(73)-3
=100  1\$aLeon, Donna$d(1942- )$1http://viaf.org/viaf/27182947
=245  10$aKwestia wiary /$cDonna Leon ; przeł. Marek Fedyszak.
=246  1\$iTyt. oryg.:$aQuestion of belief,$f2010
=260  \\$aWarszawa :$bOficyna Literacka Noir sur Blanc,$ccop. 2013.
=300  \\$a332, [5] s. ;$c18 cm.
=336  \\$aTekst$btxt$2rdacontent
=337  \\$aBez urządzenia pośredniczącego$bn$2rdamedia
=338  \\$aWolumin$bnc$2rdacarrier
=380  \\$iMajor genre$aLiterature$leng
=380  \\$aKsiążki
=381  \\$iMajor genre$aFiction$leng
=388  1\$a2001-
=490  1\$aKomisarz Brunetti i tajemnice Wenecji / Donna Leon
=500  \\$aTyt. oryg.: "A question of belief" 2010.
=655  \7$aPowieść amerykańska$y21 w.$2DBN
=700  1\$aFedyszak, Marek$eTł.
=710  2\$aOficyna Literacka Noir sur Blanc$4pbl$1http://viaf.org/viaf/296501064
=800  1\$aLeon, Donna$d(1942- ).$tKomisarz Brunetti i tajemnice Wenecji
=995  \\$aPolska Bibliografia Literacka$bPBL 2013-2020: książki

