=LDR  01367nam a2200373 i 4500
=001  b0000002840496
=005  20210321073358.4
=008  130122s2013\\\\pl\a\\\\\\\\\|000\0\pol\\
=009  991014593839705066
=015  \\$aUWD 2013/3920
=020  \\$a9788375963311
=040  \\$aWA N$cWA N
=080  \\$a913(592.6)
=080  \\$a913(594)
=080  \\$a913(595)
=080  \\$a929-051(438)"20"
=100  1\$aWojciechowska, Martyna$d(1974- )$1http://viaf.org/viaf/163281640
=245  10$aBorneo /$cMartyna Wojciechowska ; National Geographic, [TVN].
=260  \\$aWarszawa :$bWydawnictwo G+J RBA,$ccop. 2013.
=300  \\$a125, [3] s. :$bil. kolor. ;$c17 cm.
=336  \\$aTekst$btxt$2rdacontent
=337  \\$aBez urządzenia pośredniczącego$bn$2rdamedia
=338  \\$aWolumin$bnc$2rdacarrier
=380  \\$iMajor genre$aLiterature$leng
=380  \\$aKsiążki
=381  \\$iMajor genre$aOther$leng
=490  1\$aKobieta na krańcu świata / Martyna Wojciechowska
=600  17$aWojciechowska, Martyna$d(1974- )$2DBN$1http://viaf.org/viaf/163281640
=648  \7$a2001-$2DBN
=651  \7$aBorneo$y21 w.$2DBN
=655  \7$aLiteratura podróżnicza polska$y21 w.$2DBN
=710  2\$aWydawnictwo G+J RBA$4pbl
=800  1\$aWojciechowska, Martyna$d(1974- ).$tKobieta na krańcu świata
=995  \\$aPolska Bibliografia Literacka$bPBL 2013-2020: książki

