=LDR  01293nam a2200325 i 4500
=001  b0000002840530
=005  20210320072856.3
=008  130122s2013\\\\pl\a\\\b\\\\\|000\j\pol\\
=009  991014595189705066
=015  \\$aUWD 2013/3904
=020  \\$a9788375165272
=040  \\$aWA N$cWA N
=080  \\$a821.162.1-93
=100  1\$aKrzyżanek, Joanna
=245  10$aLamelia Szczęśliwa i porwanie krewetki :$bopowiem wam dzisiaj o tym, jak bardzo chciałam mieć zwierzątko /$c[tekst Joanna Krzyżanek ; il. Zenon Wiewiurka].
=260  \\$aPoznań :$bDrukarnia i Księgarnia Świętego Wojciecha. Wydawnictwo Święty Wojciech,$ccop. 2013.
=300  \\$a59 s. :$bil. kolor. ;$c24 cm.
=336  \\$aTekst$btxt$2rdacontent
=337  \\$aBez urządzenia pośredniczącego$bn$2rdamedia
=338  \\$aWolumin$bnc$2rdacarrier
=380  \\$iMajor genre$aLiterature$leng
=380  \\$aKsiążki
=381  \\$iMajor genre$aFiction$leng
=388  1\$a2001-
=490  1\$aPrzygody z Lamelką / Joanna Krzyżanek
=655  \7$aOpowiadanie dziecięce polskie$y21 w.$2DBN
=700  1\$aWiewiurka, Zenon$eIl.
=710  2\$aWydawnictwo Święty Wojciech$4pbl
=800  1\$aKrzyżanek, Joanna.$tPrzygody z Lamelką
=995  \\$aPolska Bibliografia Literacka$bPBL 2013-2020: książki

