=LDR  01211nam a2200325 i 4500
=001  b0000002840540
=005  20210528072101.2
=008  130122s2013\\\\pl\a\\\\\\\\\|000\f\pol\\
=009  991014595549705066
=015  \\$aUWD 2013/3880
=020  \\$a9788363631055
=040  \\$aWA N$cWA N
=080  \\$a821.162.1-3
=100  1\$aLewandowski, Konrad T$d(1966- )$1http://viaf.org/viaf/81217034
=245  10$aOrzeł bielszy niż gołębica :$b(powieść fantastyczna w konwencji steampunk) /$cKonrad T. Lewandowski.
=260  \\$aWarszawa :$bNarodowe Centrum Kultury,$c2013.
=300  \\$a423 s., [1] k. tabl. złoż. luzem :$bil. ;$c21 cm.
=336  \\$aTekst$btxt$2rdacontent
=337  \\$aBez urządzenia pośredniczącego$bn$2rdamedia
=338  \\$aWolumin$bnc$2rdacarrier
=380  \\$iMajor genre$aLiterature$leng
=380  \\$aKsiążki
=381  \\$iMajor genre$aFiction$leng
=388  1\$a2001-
=490  1\$aZwrotnice Czasu : historie alternatywne ;$vt. 11
=655  \7$aPowieść polska$y21 w.$2DBN
=710  2\$aNarodowe Centrum Kultury$4pbl
=830  \0$aZwrotnice Czasu$vt. 11
=923  \\$aNarodowe Centrum Kultury
=995  \\$aPolska Bibliografia Literacka$bPBL 2013-2020: książki

