=LDR  01238nam a2200337 i 4500
=001  b0000002840549
=005  20210320072736.7
=008  130122s2013\\\\pl\\\\\\\\\\\|000\f\pol\\
=009  991014595899705066
=015  \\$aUWD 2013/3856
=020  \\$a9788377782958
=040  \\$aWA N$cWA N
=041  1\$apol$heng
=080  \\$a821.111(73)-3
=100  1\$aPreston, Douglas J$d(1956- )$1http://viaf.org/viaf/57543887
=245  10$aBez litości /$cDouglas Preston, Lincoln Child ; przeł. Robert P. Lipski.
=246  1\$iTyt. oryg.:$aCold vengeance,$f2011
=260  \\$aWarszawa :$bG+J Gruner + Jahr Polska,$ccop. 2013.
=300  \\$a442, [2] s. ;$c20 cm.
=336  \\$aTekst$btxt$2rdacontent
=337  \\$aBez urządzenia pośredniczącego$bn$2rdamedia
=338  \\$aWolumin$bnc$2rdacarrier
=380  \\$iMajor genre$aLiterature$leng
=380  \\$aKsiążki
=381  \\$iMajor genre$aFiction$leng
=388  1\$a2001-
=655  \7$aPowieść amerykańska$y21 w.$2DBN
=700  1\$aChild, Lincoln$d(1957- )$1http://viaf.org/viaf/76450949
=700  1\$aLipski, Robert P$d(1967- )$eTł.$1http://viaf.org/viaf/101803083
=710  2\$aG+J Gruner+Jahr Polska$4pbl
=995  \\$aPolska Bibliografia Literacka$bPBL 2013-2020: książki

