=LDR  01133nam a2200325 i 4500
=001  b0000002840632
=005  20210321073719.3
=008  130122s2013\\\\pl\\\\\\\\\\\|000\f\pol\\
=009  991014599309705066
=015  \\$aUWD 2013/3843
=020  \\$a9788377782736
=040  \\$aWA N$cWA N
=041  1\$apol$heng
=080  \\$a821.111-3
=100  1\$aBillingham, Mark$d(1961- )$1http://viaf.org/viaf/938046
=245  10$aPułapka /$cMark Billingham ; przeł. Robert P. Lipski.
=246  1\$iTyt. oryg.:$aFrom the dead,$f2010
=260  \\$aWarszawa :$bG+J Gruner + Jahr Polska,$ccop. 2013.
=300  \\$a380, [3] s. ;$c20 cm.
=336  \\$aTekst$btxt$2rdacontent
=337  \\$aBez urządzenia pośredniczącego$bn$2rdamedia
=338  \\$aWolumin$bnc$2rdacarrier
=380  \\$iMajor genre$aLiterature$leng
=380  \\$aKsiążki
=381  \\$iMajor genre$aFiction$leng
=388  1\$a2001-
=655  \7$aPowieść angielska$y21 w.$2DBN
=700  1\$aLipski, Robert P$d(1967- )$eTł.$1http://viaf.org/viaf/101803083
=710  2\$aG+J Gruner+Jahr Polska$4pbl
=995  \\$aPolska Bibliografia Literacka$bPBL 2013-2020: książki

