=LDR  01253nam a2200361 i 4500
=001  b0000002840638
=005  20210320073329.7
=008  130122s2013\\\\pl\a\\\\\\\\\|000\f\pol\\
=009  991014599479705066
=015  \\$aUWD 2013/3842
=020  \\$a9788377782941
=040  \\$aWA N$cWA N
=041  1\$apol$heng
=080  \\$a821.111(73)-3
=100  1\$aBarron, T. A.$d(1952- )
=245  10$aLustro losu /$cT. A. Barron ; przeł. Patryk Gołębiowski.
=246  1\$iTyt. oryg.:$aMirror of Merlin,$f1999
=260  \\$aWarszawa :$bG+J Gruner + Jahr Polska,$ccop. 2013.
=300  \\$a338 s. :$bil. ;$c20 cm.
=336  \\$aTekst$btxt$2rdacontent
=337  \\$aBez urządzenia pośredniczącego$bn$2rdamedia
=338  \\$aWolumin$bnc$2rdacarrier
=380  \\$iMajor genre$aLiterature$leng
=380  \\$aKsiążki
=381  \\$iMajor genre$aFiction$leng
=490  1\$aMerlin / T. A. Barron ;$vks. 4
=500  \\$aTyt. oryg.: "The mirror of Merlin" 1999.
=648  \7$a1901-2000$2DBN
=655  \7$aPowieść amerykańska$y20 w.$2DBN
=700  1\$aGołębiowski, Patryk$eTł.
=710  2\$aG+J Gruner+Jahr Polska$4pbl
=800  1\$aBarron T. A.$d(1952- ).$tMerlin ;$vks. 4
=995  \\$aPolska Bibliografia Literacka$bPBL 2013-2020: książki

