=LDR  01232nam a2200337 i 4500
=001  b0000002840735
=005  20200501071408.9
=008  130425s2013\\\\gw\a\\\\\\\\\|000\0ager\\
=009  991014603299705066
=020  \\$a9783426785447
=040  \\$aWA N$cWA N
=100  1\$aPolanska, Justyna.
=245  10$aNicht ganz sauber :$beine polnische Putzfrau räumt auf /$cJustyna Polanska.
=246  1\$iTł. tyt.:$aPod niemieckimi łóżkami :$bzapiski polskiej sprzątaczki
=260  \\$aMünchen :$bKnaur-Taschenbuch Verlag,$c2012.
=300  \\$a221, [1] s. ;$c20 cm.
=336  \\$aTekst$btxt$2rdacontent
=337  \\$aBez urządzenia pośredniczącego$bn$2rdamedia
=338  \\$aWolumin$bnc$2rdacarrier
=380  \\$iMajor genre$aLiterature$leng
=380  \\$aKsiążki
=381  \\$iMajor genre$aOther$leng
=490  1\$aKnaur ;$v78544
=600  17$aPolanska, Justyna$2DBN
=648  \7$a2001-$2DBN
=650  \7$aPolacy za granicą$xpraca$zNiemcy$y21 w.$2DBN
=650  \7$aSprzątaczki i sprzątacze$zPolska$y21 w.$2DBN
=651  \7$aNiemcy$xsocjologia$yod 1990 r.$2DBN
=655  \7$aPamiętniki polskie$y21 w.$2DBN
=830  \0$aKnaur ;$v78544
=995  \\$aPolska Bibliografia Literacka$bPBL 2013-2020: książki

