=LDR  01064nam a2200313 i 4500
=001  b0000002840738
=005  20210320073313.4
=008  130122s2013\\\\pl\\\\\\\\\\\|000\f\pol\\
=009  991014603409705066
=015  \\$aUWD 2013/3894
=020  \\$a9788377782880
=040  \\$aWA N$cWA N
=080  \\$a821.162.1-3
=100  1\$aSzelenbaum, Katarzyna
=245  10$aMorze /$cKatarzyna Szelenbaum.
=260  \\$aWarszawa :$bG+J Gruner + Jahr Polska,$ccop. 2013.
=300  \\$a454, [8] s. ;$c20 cm.
=336  \\$aTekst$btxt$2rdacontent
=337  \\$aBez urządzenia pośredniczącego$bn$2rdamedia
=338  \\$aWolumin$bnc$2rdacarrier
=380  \\$iMajor genre$aLiterature$leng
=380  \\$aKsiążki
=381  \\$iMajor genre$aFiction$leng
=388  1\$a2001-
=490  1\$aWielki Północny Ocean / Katarzyna Szelenbaum ;$vks. 1
=655  \7$aPowieść polska$y21 w.$2DBN
=710  2\$aG+J Gruner+Jahr Polska$4pbl
=800  1\$aSzelenbaum, Katarzyna.$tWielki Północny Ocean ;$vks. 1
=995  \\$aPolska Bibliografia Literacka$bPBL 2013-2020: książki

