=LDR  01581nam a2200373 i 4500
=001  b0000002840928
=005  20200501071338.2
=008  130122s2013\\\\pl\a\\\\\\\\\|000\0\pol\\
=009  991014611039705066
=015  \\$aUWD 2013/3948
=020  \\$a9788392935001
=040  \\$aWA N$cWA N
=080  \\$a94(438).071"1863/1864"
=245  00$aGrajcie echa, grzmijcie skały... :$bpowstanie styczniowe w dolinie Prądnika we wspomnieniach jego uczestników, relacjach prasowych i poezji /$cwstęp i wybór tekstów Józef Partyka ; Polskie Towarzystwo Turystyczno-Krajoznawcze. Oddział w Ojcowie.
=260  \\$aOjców :$bPolskie Towarzystwo Turystyczno-Krajoznawcze. Oddział,$c2013.
=300  \\$a338 s. :$bil. ;$c24 cm.
=336  \\$aTekst$btxt$2rdacontent
=337  \\$aBez urządzenia pośredniczącego$bn$2rdamedia
=338  \\$aWolumin$bnc$2rdacarrier
=380  \\$iMajor genre$aLiterature$leng
=380  \\$aKsiążki
=381  \\$iMajor genre$aOther$leng
=381  \\$iMajor genre$aLyrical poetry$leng
=504  \\$aBibliogr. s. 333-338.
=648  \7$a1801-1900$2DBN
=650  \7$aPowstanie styczniowe (1863-1864)$2DBN
=651  \7$aDolina Prądnika $2DBN
=655  \7$aAntologia$2DBN
=655  \7$aPamiętniki polskie$y19 w.$2DBN
=655  \7$aPoezja polska$y19 w.$2DBN
=655  \7$aPublicystyka polska$y19 w.$2DBN
=700  1\$aPartyka, Józef$d(1947- )$eOprac.$1http://viaf.org/viaf/1573049
=710  2\$aPolskie Towarzystwo Turystyczno-Krajoznawcze.$bOddział (Ojców).$4pbl
=995  \\$aPolska Bibliografia Literacka$bPBL 2013-2020: książki

