=LDR  01123nam a2200325 i 4500
=001  b0000002841080
=005  20200430071234.8
=008  130123s2013\\\\pl\\\\\\\\\\\|000\f\pol\\
=009  991014617049705066
=015  \\$aUWD 2013/3858
=020  \\$a9788377992432
=040  \\$aWA N$cWA N
=041  1\$apol$hfin
=080  \\$a821.511.111-3
=100  1\$aSnellman, Anja$d(1954- )$1http://viaf.org/viaf/15671179
=245  10$aBogowie na balkonie /$cAnja Snellman ; z fiń. przeł. Sebastian Musielak.
=246  1\$iTyt. oryg.:$aParvekejumalat,$f2011
=260  \\$aWarszawa :$bŚwiat Książki - Weltbild Polska,$c2013.
=300  \\$a252, [3] s. ;$c22 cm.
=336  \\$aTekst$btxt$2rdacontent
=337  \\$aBez urządzenia pośredniczącego$bn$2rdamedia
=338  \\$aWolumin$bnc$2rdacarrier
=380  \\$iMajor genre$aLiterature$leng
=380  \\$aKsiążki
=381  \\$iMajor genre$aFiction$leng
=388  1\$a2001-
=655  \7$aPowieść fińska$y21 w.$2DBN
=700  1\$aMusielak, Sebastian$eTł.
=710  2\$aŚwiat Książki$4pbl
=995  \\$aPolska Bibliografia Literacka$bPBL 2013-2020: książki

