=LDR  01205nam a2200337 i 4500
=001  b0000002841130
=005  20210321073525.5
=008  130123s2013\\\\pl\a\\\\\\\\\|000\0apol\\
=009  991014619079705066
=015  \\$aUWD 2013/3917
=020  \\$a9788327303202
=040  \\$aWA N$cWA N
=080  \\$a913(571.1/.5)
=080  \\$a929-051(438)"20"
=100  1\$aSowa, Kazimierz$d(1965- )$1http://viaf.org/viaf/166097053
=245  10$aMoje syberyjskie podróże /$cKazimierz Sowa.
=260  \\$aWarszawa :$bŚwiat Książki - Weltbild Polska,$c2013.
=300  \\$a301, [2] s. :$bil. kolor. ;$c21 cm.
=336  \\$aTekst$btxt$2rdacontent
=337  \\$aBez urządzenia pośredniczącego$bn$2rdamedia
=338  \\$aWolumin$bnc$2rdacarrier
=380  \\$iMajor genre$aLiterature$leng
=380  \\$aKsiążki
=381  \\$iMajor genre$aOther$leng
=504  \\$aBibliogr. s. 301-[302].
=600  17$aSowa, Kazimierz$d(1965- )$2DBN$1http://viaf.org/viaf/166097053
=648  \7$a2001-$2DBN
=651  \7$aSyberia (Rosja)$y21 w.$2DBN
=655  \7$aLiteratura podróżnicza polska$y21 w.$2DBN
=710  2\$aŚwiat Książki$4pbl
=995  \\$aPolska Bibliografia Literacka$bPBL 2013-2020: książki

