=LDR  01195nam a2200337 i 4500
=001  b0000002841152
=005  20210321073358.4
=008  130123s2013\\\\pl\\\\\\\\\\\|000\f\pol\\
=009  991014619989705066
=015  \\$aUWD 2013/3846
=020  \\$a9788327300690
=040  \\$aWA N$cWA N
=041  1\$apol$heng
=080  \\$a821.111(73)-3
=100  1\$aJohnson, Adam$d(1967- )$1http://viaf.org/viaf/119126256/
=245  10$aSyn zarządcy sierocińca /$cAdam Johnson ; z ang. przeł. Grażyna Smosna.
=246  1\$iTyt. oryg.:$aOrphan master's son,$f2012
=260  \\$aWarszawa :$bŚwiat Książki - Weltbild Polska,$c2013.
=300  \\$a557, [2] s. ;$c22 cm.
=336  \\$aTekst$btxt$2rdacontent
=337  \\$aBez urządzenia pośredniczącego$bn$2rdamedia
=338  \\$aWolumin$bnc$2rdacarrier
=380  \\$iMajor genre$aLiterature$leng
=380  \\$aKsiążki
=381  \\$iMajor genre$aFiction$leng
=388  1\$a2001-
=500  \\$aTyt. oryg.: "The orphan master's son" 2012.
=655  \7$aPowieść amerykańska$y21 w.$2DBN
=700  1\$aSmosna, Grażyna$eTł.
=710  2\$aŚwiat Książki$4pbl
=995  \\$aPolska Bibliografia Literacka$bPBL 2013-2020: książki

