=LDR  01278nam a2200361 i 4500
=001  b0000002841205
=005  20210321073703.5
=008  130123s2013\\\\pl\\\\\\\\\\\|000\f\pol\\
=009  991014621979705066
=015  \\$aUWD 2013/3845
=020  \\$a9788377992043
=040  \\$aWA N$cWA N
=041  1\$apol$hger
=080  \\$a821.112.2(436)-3
=100  1\$aGeiger, Arno$d(1968- )$1http://viaf.org/viaf/119345622
=245  10$aStary król na wygnaniu /$cArno Geiger ; z niem. przeł. Karolina Niedenthal.
=246  1\$iTyt. oryg.:$aAlte König in seinem Exil,$f2011
=260  \\$aWarszawa :$bŚwiat Książki - Weltbild Polska,$c2013.
=300  \\$a188, [1] s. ;$c20 cm.
=336  \\$aTekst$btxt$2rdacontent
=337  \\$aBez urządzenia pośredniczącego$bn$2rdamedia
=338  \\$aWolumin$bnc$2rdacarrier
=380  \\$iMajor genre$aLiterature$leng
=380  \\$aKsiążki
=381  \\$iMajor genre$aFiction$leng
=388  1\$a2001-
=490  1\$aMistrzowie Prozy
=500  \\$aTyt. oryg.: "Der alte König in seinem Exil" 2011.
=655  \7$aPowieść austriacka$y21 w.$2DBN
=700  1\$aNiedenthal, Karolina$eTł.
=710  2\$aŚwiat Książki$4pbl
=830  \0$aMistrzowie Prozy
=995  \\$aPolska Bibliografia Literacka$bPBL 2013-2020: książki

