=LDR  01221nam a2200289 i 4500
=001  b0000002841217
=005  20210321073201.1
=008  130123s2013\\\\pl\a\\\\\\\\\|000\p\pol\\
=009  991014622519705066
=015  \\$aUWD 2013/3891
=020  \\$a9788361770206
=040  \\$aWA N$cWA N
=080  \\$a821.162.1-1
=100  1\$aPolski, Adam$d(1955- )$1http://viaf.org/viaf/18948735
=245  10$aOdkrywanie Medziugorje :$bwiersze z pielgrzymki do Medziugorje w dniach od 31 lipca 2011 roku do 8 sierpnia 2011 roku na XXII Festiwal Młodych oraz z okazji XXX - lecia objawień Maryjnych /$cAdam Polski.
=260  \\$aLublin ;$aFajsławice :$bTowarzystwo Przyjaciół Fajsławic,$c2013.
=300  \\$a89, [1] s., [32] s. tabl. :$bil. kolor. ;$c21 cm.
=336  \\$aTekst$btxt$2rdacontent
=337  \\$aBez urządzenia pośredniczącego$bn$2rdamedia
=338  \\$aWolumin$bnc$2rdacarrier
=380  \\$iMajor genre$aLiterature$leng
=380  \\$aKsiążki
=381  \\$iMajor genre$aLyrical poetry$leng
=388  1\$a2001-
=655  \7$aPoezja polska$y21 w.$2DBN
=710  2\$aTowarzystwo Przyjaciół Fajsławic$4pbl$1http://viaf.org/viaf/302437861
=995  \\$aPolska Bibliografia Literacka$bPBL 2013-2020: książki

