=LDR  01260nam a2200349 i 4500
=001  b0000002841242
=005  20210528072046.3
=008  130123s2013\\\\pl\\\\\\\\\\\|000\0\pol\\
=009  991014623609705066
=015  \\$aUWD 2013/3320
=020  \\$a9788327302915
=040  \\$aWA N$cWA N
=080  \\$a159.9-055.52-055.2
=080  \\$a316.346.2-055.52-055.2
=080  \\$a929-051(438)"20"
=100  1\$aŁukowiak, Małgorzata$d(1971- )$1http://viaf.org/viaf/296316617
=245  10$aProjekt matka :$bniepowieść /$cMałgorzata Łukowiak.
=260  \\$aWarszawa :$bŚwiat Książki - Weltbild Polska,$c2013.
=300  \\$a380, [3] s. ;$c22 cm.
=336  \\$aTekst$btxt$2rdacontent
=337  \\$aBez urządzenia pośredniczącego$bn$2rdamedia
=338  \\$aWolumin$bnc$2rdacarrier
=380  \\$iMajor genre$aLiterature$leng
=380  \\$aKsiążki
=381  \\$iMajor genre$aOther$leng
=600  17$aŁukowiak, Małgorzata$d(1971- )$2DBN$1http://viaf.org/viaf/296316617
=648  \7$a2001-$2DBN
=650  \7$aMacierzyństwo$2DBN
=655  \7$aPamiętniki polskie$y21 w.$2DBN
=710  2\$aWeltbild Polska$4pbl$1http://viaf.org/viaf/301902899
=923  \\$aWeltbild Polska.
=995  \\$aPolska Bibliografia Literacka$bPBL 2013-2020: książki

