=LDR  01699nam a2200433 i 4500
=001  b0000002841272
=005  20210321073833.1
=008  130123s2013\\\\pl\a\\\\\\\\\|001\0\pol\\
=009  991014624729705066
=015  \\$aUWD 2013/3925
=020  \\$a9788377994993
=040  \\$aWA N$cWA N
=041  1\$apol$hger
=080  \\$a323.285(430)
=080  \\$a929-051(430)"19"
=080  \\$a94(430)"19"
=100  1\$aAlbrecht, Julia$d(1964- )$1http://viaf.org/viaf/168870204
=245  10$aCórki chrzestne :$brozmowy w cieniu terroryzmu RAF /$cJulia Albrecht, Corinna Ponto ; z niem. przeł. Urszula Szymanderska.
=246  1\$iTyt. oryg.:$aPatentöchter :$bim Schatten der RAF - ein Dialog,$f2011
=260  \\$aWarszawa :$bŚwiat Książki - Weltbild Polska,$c2013.
=300  \\$a238 s. :$bil. ;$c22 cm.
=336  \\$aTekst$btxt$2rdacontent
=337  \\$aBez urządzenia pośredniczącego$bn$2rdamedia
=338  \\$aWolumin$bnc$2rdacarrier
=380  \\$iMajor genre$aLiterature$leng
=380  \\$aKsiążki
=381  \\$iMajor genre$aOther$leng
=490  1\$aSfery. Sfera Historii
=504  \\$aIndeks.
=600  17$aAlbrecht, Julia$d(1964- )$2DBN$1http://viaf.org/viaf/168870204
=600  17$aPonto, Corinna$d(1957- )$2DBN$1http://viaf.org/viaf/170670217
=610  27$aFrakcja Czerwonej Armii$2DBN
=650  \7$aZabójstwo polityczne$zNiemcy$yod 1945 r.$2DBN
=655  \7$aPamiętniki niemieckie$yod 1945 r.$2DBN
=700  1\$aPonto, Corinna$d(1957- )$1http://viaf.org/viaf/170670217
=700  1\$aSzymanderska, Urszula$eTł.
=710  2\$aŚwiat Książki$4pbl
=830  \0$aSfery.$pSfera Historii
=995  \\$aPolska Bibliografia Literacka$bPBL 2013-2020: książki

