=LDR  01335nam a2200385 i 4500
=001  b0000002841274
=005  20200430071207.1
=008  130123s2013\\\\pl\a\\\\\\\\\|000\0bpol\\
=009  991014624799705066
=015  \\$aUWD 2013/3821
=020  \\$a9788377997536
=040  \\$aWA N$cWA N
=080  \\$a76.071(438)
=080  \\$a821.162.1(091)"19"
=080  \\$a929-052(438)"18"
=080  \\$a929-052(438)"19"
=100  1\$aBudzyński, Wiesław$d(1948- )$1http://viaf.org/viaf/9928862
=245  10$aSchulz pod kluczem /$cWiesław Budzyński.
=250  \\$aWyd. 2. uzup.
=260  \\$aWarszawa :$bŚwiat Książki - Weltbild Polska,$c2012.
=300  \\$a412, [1] s. :$bil. ;$c23 cm.
=336  \\$aTekst$btxt$2rdacontent
=337  \\$aBez urządzenia pośredniczącego$bn$2rdamedia
=338  \\$aWolumin$bnc$2rdacarrier
=380  \\$iMajor genre$aLiterature$leng
=380  \\$aKsiążki
=381  \\$iMajor genre$aOther$leng
=504  \\$aBibliogr. s. 405-409.
=600  17$aSchulz, Bruno$d(1892-1942)$2DBN$1http://viaf.org/viaf/19684237
=648  \7$a1901-2000$2DBN
=650  \7$aGraficy polscy$y20 w.$2DBN
=650  \7$aPisarze polscy$y20 w.$2DBN
=655  \7$aBiografia$2DBN
=710  2\$aWeltbild Polska$4pbl$1http://viaf.org/viaf/301902899
=995  \\$aPolska Bibliografia Literacka$bPBL 2013-2020: książki

