=LDR  01275nam a2200337 i 4500
=001  b0000002841286
=005  20210321073753.7
=008  130123s2013\\\\pl\\\\\\\\\\\|000\f\pol\\
=009  991014625239705066
=015  \\$aUWD 2013/3840
=020  \\$a9788327301598
=040  \\$aWA N$cWA N
=041  1\$apol$heng
=080  \\$a821.111(73)-3
=100  1\$aAndrews, V. C.$d(1923-1986)$1http://viaf.org/viaf/275755442/
=245  10$aKto wiatr sieje /$cVirginia C. Andrews ; z ang. przeł. Marek Ostaszewski.
=246  1\$iTyt. oryg.:$aSeeds of yesterday,$f1984
=260  \\$aWarszawa :$bŚwiat Książki - Weltbild Polska,$c2013.
=300  \\$a461, [1] s. ;$c19 cm.
=336  \\$aTekst$btxt$2rdacontent
=337  \\$aBez urządzenia pośredniczącego$bn$2rdamedia
=338  \\$aWolumin$bnc$2rdacarrier
=380  \\$iMajor genre$aLiterature$leng
=380  \\$aKsiążki
=381  \\$iMajor genre$aFiction$leng
=500  \\$aU dołu okł.: W zaklętym kręgu rodzinnych tajemnic. Stanowi kontynuację powieści pt.: Kwiaty na poddaszu.
=648  \7$a1901-2000$2DBN
=655  \7$aPowieść amerykańska$y20 w.$2DBN
=700  1\$aOstaszewski, Marek$eTł.
=710  2\$aŚwiat Książki$4pbl
=995  \\$aPolska Bibliografia Literacka$bPBL 2013-2020: książki

