=LDR  01256nam a2200337 i 4500
=001  b0000002841320
=005  20210321073358.4
=008  130123s2013\\\\pl\a\\\\\\\\\|000\f\pol\\
=009  991014626699705066
=015  \\$aUWD 2013/3848
=020  \\$a9788377996485
=040  \\$aWA N$cWA N
=041  1\$apol$heng
=080  \\$a821.111(73)-3
=100  1\$aLindsey, Johanna
=245  10$aPrezent /$cJohanna Lindsey ; z ang. przeł. Małgorzata Szubert.
=246  1\$iTyt. oryg.:$aPresent :$ba Malory Holiday novel,$f1998
=260  \\$aWarszawa :$bŚwiat Książki - Weltbild Polska,$c2013.
=300  \\$a191, [1] s. ;$c19 cm.
=336  \\$aTekst$btxt$2rdacontent
=337  \\$aBez urządzenia pośredniczącego$bn$2rdamedia
=338  \\$aWolumin$bnc$2rdacarrier
=380  \\$iMajor genre$aLiterature$leng
=380  \\$aKsiążki
=381  \\$iMajor genre$aFiction$leng
=500  \\$aTyt. oryg.: "The present : a Malory Holiday novel" 1998. Na okł. podtyt.: tajemniczy podarunek od niezwykłej prababki.
=648  \7$a1901-2000$2DBN
=655  \7$aPowieść amerykańska$y20 w.$2DBN
=700  1\$aSzubert, Małgorzata$c(tłumacz)$eTł.
=710  2\$aŚwiat Książki$4pbl
=995  \\$aPolska Bibliografia Literacka$bPBL 2013-2020: książki

