=LDR  01288nam a2200361 i 4500
=001  b0000002841423
=005  20210611074232.4
=008  130123s2013\\\\pl\\\\\\\\\\\|000\f\pol\\
=009  991014630799705066
=015  \\$aUWD 2013/3857
=020  \\$a9788327300744
=040  \\$aWA N$cWA N
=041  1\$apol$heng
=080  \\$a821.111(73)-3
=100  1\$aRoberts, Nora$d(1950- )$1http://viaf.org/viaf/66448023
=245  10$aBłękitny dym /$cNora Roberts ; z ang. przeł. Elżbieta Kowalewska, Michał Wroczyński.
=246  1\$iTyt. oryg.:$aBlue smoke,$f2005
=260  \\$aWarszawa :$bŚwiat Książki - Weltbild Polska,$c2013.
=300  \\$a495, [1] s. ;$c20 cm.
=336  \\$aTekst$btxt$2rdacontent
=337  \\$aBez urządzenia pośredniczącego$bn$2rdamedia
=338  \\$aWolumin$bnc$2rdacarrier
=380  \\$iMajor genre$aLiterature$leng
=380  \\$aKsiążki
=381  \\$iMajor genre$aFiction$leng
=388  1\$a2001-
=500  \\$aNa książce pseud. aut., nazwa: Elly Wilder.
=655  \7$aPowieść amerykańska$y21 w.$2DBN
=700  1\$aKowalewska, Elżbieta$eTł.
=700  1\$aWroczyński, Michał$eTł.
=710  2\$aŚwiat Książki$4pbl
=923  \\$aŚwiat Książki
=995  \\$aPolska Bibliografia Literacka$bPBL 2013-2020: książki

