=LDR  01223nam a2200337 i 4500
=001  b0000002841544
=005  20200430071217.6
=008  130123s2013\\\\pl\\\\\\\\\\\|000\j\pol\\
=009  991014635499705066
=015  \\$aUWD 2013/3841
=020  \\$a9788377995679
=040  \\$aWA N$cWA N
=041  1\$apol$heng
=080  \\$a821.111-3
=100  1\$aBarnes, Julian$d(1946- )$1http://viaf.org/viaf/51710796
=245  10$aCytrynowy stolik /$cJulian Barnes ; z ang. przeł. Joanna Puchalska.
=246  1\$iTyt. oryg.:$aLemon table :$bstories,$f2004
=260  \\$aWarszawa :$bŚwiat Książki - Weltbild Polska,$c2013.
=300  \\$a219, [2] s. ;$c22 cm.
=336  \\$aTekst$btxt$2rdacontent
=337  \\$aBez urządzenia pośredniczącego$bn$2rdamedia
=338  \\$aWolumin$bnc$2rdacarrier
=380  \\$iMajor genre$aLiterature$leng
=380  \\$aKsiążki
=381  \\$iMajor genre$aFiction$leng
=388  1\$a2001-
=500  \\$aTyt. oryg.: "The lemon table : stories" 2004.
=655  \7$aOpowiadanie angielskie$y21 w.$2DBN
=700  1\$aPuchalska, Joanna$d(1960- )$eTł.$1http://viaf.org/viaf/53402926
=710  2\$aŚwiat Książki$4pbl
=995  \\$aPolska Bibliografia Literacka$bPBL 2013-2020: książki

