=LDR  01276nam a2200349 i 4500
=001  b0000002841907
=005  20210320073148.4
=008  130124s2013\\\\pl\\\\\\\\\\\|000\f\pol\\
=009  991014649409705066
=015  \\$aUWD 2013/3849
=020  \\$a9788307032979
=040  \\$aWA N$cWA N
=041  1\$apol$hhun
=080  \\$a821.511.141-3
=080  \\$a929-052(81)"18"
=100  1\$aMárai, Sándor$d(1900-1989)$1http://viaf.org/viaf/17266902
=245  10$aSąd w Canudos /$cSándor Márai ; przeł. Irena Makarewicz.
=246  1\$iTyt. oryg.:$aÍtélet Canudosban :$bregény,$f1970
=260  \\$aWarszawa :$bSpółdzielnia Wydawnicza "Czytelnik",$c2013.
=300  \\$a178, [2] s. ;$c20 cm.
=336  \\$aTekst$btxt$2rdacontent
=337  \\$aBez urządzenia pośredniczącego$bn$2rdamedia
=338  \\$aWolumin$bnc$2rdacarrier
=380  \\$iMajor genre$aLiterature$leng
=380  \\$aKsiążki
=381  \\$iMajor genre$aFiction$leng
=600  17$aBittencourt, Carlos Machado$d(1840-1897)$2DBN$1http://viaf.org/viaf/3218151778213418130008
=648  \7$a1901-2000$2DBN
=655  \7$aPowieść węgierska$y20 w.$2DBN
=700  1\$aMakarewicz, Irena$eTł.
=710  2\$aCzytelnik$4pbl
=995  \\$aPolska Bibliografia Literacka$bPBL 2013-2020: książki

