=LDR  01196nam a2200337 i 4500
=001  b0000002841952
=005  20210321074141.2
=008  130124s2013\\\\pl\a\\\\\\\\\|000\0\pol\\
=009  991014651189705066
=015  \\$aUWD 2013/3831
=020  \\$a9788362812028
=040  \\$aWA N$cWA N
=080  \\$a(047)
=080  \\$a821.162.1(091)"19"
=080  \\$a821.162.1(091)"20"
=245  00$aPrzez odwróconą lornetkę :$brozmowy z pisarzami /$c[red. Agnieszka Goszczycka].
=260  \\$aWarszawa :$bOśrodek Kultury Ochoty,$c2013.
=300  \\$a197, [3] s. :$bil. ;$c24 cm.
=336  \\$aTekst$btxt$2rdacontent
=337  \\$aBez urządzenia pośredniczącego$bn$2rdamedia
=338  \\$aWolumin$bnc$2rdacarrier
=380  \\$iMajor genre$aLiterature$leng
=380  \\$aKsiążki
=381  \\$iMajor genre$aOther$leng
=648  \7$a1901-2000$2DBN
=648  \7$a2001-$2DBN
=650  \7$aPisarze polscy$y20-21 w.$2DBN
=655  \7$aWywiad dziennikarski$2DBN
=700  1\$aGoszczycka, Agnieszka$eRed.$1http://viaf.org/viaf/165724408
=710  2\$aOśrodek Kultury Ochoty (Warszawa)$4pbl$1http://viaf.org/viaf/162481107
=995  \\$aPolska Bibliografia Literacka$bPBL 2013-2020: książki

