=LDR  01777nam a2200457 i 4500
=001  b0000002842121
=005  20210527070915.7
=008  130124s2013\\\\pl\a\\\\\\\\\|000\0apol\\
=009  991014657999705066
=015  \\$aUWD 2013/3981
=020  \\$a9788389796615
=040  \\$aWA N$cWA N
=080  \\$a929-051(438)"19"
=080  \\$a929-051(438)"20"
=080  \\$a94(438).082.3
=080  \\$a94(438).082.5
=100  1\$aZiajka, Kazimierz$d(1922-2017)$1http://viaf.org/viaf/297774930
=245  10$aWspomnienia Kazimierza Ziajki :$blata 1922-2005 /$c[red. Anna Ziajka-Paluch, Michał Paluch].
=246  14$aZ ziemi polskiej do Polski :$bKazimierz Ziajka : wspomnienia 1922-2005
=260  \\$aCieszyn :$bAnna Ziajka-Paluch [etc.,$c2013].
=300  \\$a55, [1] s. :$bil. (gł. kolor.) ;$c21 cm.
=336  \\$aTekst$btxt$2rdacontent
=337  \\$aBez urządzenia pośredniczącego$bn$2rdamedia
=338  \\$aWolumin$bnc$2rdacarrier
=380  \\$iMajor genre$aLiterature$leng
=380  \\$aKsiążki
=381  \\$iMajor genre$aOther$leng
=600  17$aZiajka, Kazimierz$d(1922-2017)$2DBN$1http://viaf.org/viaf/297774930
=610  27$a2 Korpus Polski (Polskie Siły Zbrojne na Zachodzie)$2DBN
=648  \7$a1901-2000$2DBN
=648  \7$a1939-1945$2DBN
=648  \7$a2001-$2DBN
=650  \7$aPolacy za granicą$zZSRR$y1939-1945 r.$2DBN
=650  \7$aWysiedlanie$zZSRR$y1939-1945 r.$2DBN
=655  \7$aPamiętniki polskie$y20-21 w.$2DBN
=700  1\$aPaluch, Michał$d(1967- )$eRed.$1http://viaf.org/viaf/17471556
=700  1\$aZiajka-Paluch, Anna.$eRed.$4pbl
=710  2\$aInterfon$4pbl$1http://viaf.org/viaf/296851778
=923  \\$aInterfon.
=923  \\$aZiajka-Paluch, Anna.$eRed.
=995  \\$aPolska Bibliografia Literacka$bPBL 2013-2020: książki

