=LDR  01056nam a2200301 i 4500
=001  b0000002842143
=005  20210320072759.5
=008  130124s2013\\\\pl\\\\\\\\\\\|000\p\pol\\
=009  991014658849705066
=015  \\$aUWD 2013/3900
=020  \\$a9788393139620
=020  \\$a9788393139675
=040  \\$aWA N$cWA N
=080  \\$a821.162.1-1
=100  1\$aWietrzny, Hanna$d(1939- )$1http://viaf.org/viaf/164192126
=245  10$aZ łyżką clowna przez los /$cHanna Wietrzny.
=260  \\$aKraków :$bWydawnictwo Multimedialne Trivium,$c2013.
=300  \\$a190 s. ;$c25 cm +$e1 dysk optyczny (DVD).
=336  \\$aTekst$btxt$2rdacontent
=337  \\$aBez urządzenia pośredniczącego$bn$2rdamedia
=338  \\$aWolumin$bnc$2rdacarrier
=380  \\$iMajor genre$aLiterature$leng
=380  \\$aKsiążki
=381  \\$iMajor genre$aLyrical poetry$leng
=388  1\$a2001-
=655  \7$aPoezja polska$y21 w.$2DBN
=710  2\$aWydawnictwo Multimedialne "Trivium", Gugała Tomasz$4pbl
=995  \\$aPolska Bibliografia Literacka$bPBL 2013-2020: książki

