=LDR  01519nam a2200397 i 4500
=001  b0000002842472
=005  20210321073736.0
=008  130125s2013\\\\pl\\\\\\\\\\\|000\f\pol\\
=009  991014671939705066
=015  \\$aUWD 2013/4574
=020  \\$a9788376023434
=020  \\$a9788378133179
=020  \\$a9788378133193
=020  \\$z9788376023359
=040  \\$aWA N$cWA N
=041  1\$apol$hswe
=080  \\$a821.113.5-3
=100  1\$aSandemo, Margit$d(1924-2018)$1http://viaf.org/viaf/47570855
=245  10$aMroczny zamek /$cMargit Sandemo ; przekł. Elżbieta Ptaszyńska-Sadowska.
=246  1\$iTyt. oryg.:$aDjupt inne i skuggorna,$f1983
=260  \\$aWarszawa :$bRingier Axel Springer Polska ;$aJózefów :$bBap-Press,$ccop. 2013.
=300  \\$a188, [1] s. ;$c18 cm.
=336  \\$aTekst$btxt$2rdacontent
=337  \\$aBez urządzenia pośredniczącego$bn$2rdamedia
=338  \\$aWolumin$bnc$2rdacarrier
=380  \\$iMajor genre$aLiterature$leng
=380  \\$aKsiążki
=381  \\$iMajor genre$aFiction$leng
=490  1\$aOpowieści znad Fiordów ;$vnr 2/2013
=648  \7$a1901-2000$2DBN
=655  \7$aPowieść norweska$y20 w.$2DBN
=700  1\$aPtaszyńska-Sadowska, Elżbieta$eTł.
=710  2\$aBiuro Analiz i Promocji Prasowych Bap-Press$4pbl$1http://viaf.org/viaf/296257496
=710  2\$aRingier Axel Springer Polska$4pbl$1http://viaf.org/viaf/296159722
=830  \0$aOpowieści znad Fiordów$vnr 2/2013
=995  \\$aPolska Bibliografia Literacka$bPBL 2013-2020: książki

