=LDR  01392nam a2200349 i 4500
=001  b0000002842578
=005  20210321073838.5
=008  130621s2013\\\\un\\\\\\\\\\\|000\0\ukro\
=009  991014676349705066
=020  \\$a9789660350830
=040  \\$aWA N$cWA N
=041  1\$aukr$hpol
=100  1\$aZanussi, Krzysztof$d(1939- )$1http://viaf.org/viaf/36936370
=245  10$aČas pomirati :$bspogadi, rozdumi, anekdoti /$cKšištof Zanussì ; [per. z pol. L. Hvorost].
=246  1\$iTyt. oryg.:$aPora umierać :$bwspomnienia, refleksje, anegdoty,$f1999
=260  \\$aHarkìv :$bVidavnnictvo "Folìo",$c2013.
=300  \\$a477, [3] s. ;$c17 cm.
=336  \\$aTekst$btxt$2rdacontent
=337  \\$aBez urządzenia pośredniczącego$bn$2rdamedia
=338  \\$aWolumin$bnc$2rdacarrier
=380  \\$iMajor genre$aLiterature$leng
=380  \\$aKsiążki
=381  \\$iMajor genre$aOther$leng
=490  1\$aKarta Svìtu
=600  17$aZanussi, Krzysztof$d(1939- )$2DBN$1http://viaf.org/viaf/36936370
=650  \7$aReżyserzy polscy$yod 1944 r.$2DBN
=655  \7$aFilm polski$xhistoria$yod 1944 r.$2DBN
=655  \7$aPamiętniki polskie$yod 1944 r.$2DBN
=700  1\$aHvorost, Lûcina$d(1982- )$eTł.$1http://viaf.org/viaf/304374681
=710  2\$aIzdatel'stvo "Folio".$4pbl
=830  \0$aKarta Svìtu.$pPol'ŝa
=995  \\$aPolska Bibliografia Literacka$bPBL 2013-2020: książki

