=LDR  01602nam a2200433 i 4500
=001  b0000002842625
=005  20210321073131.0
=008  130125s2013\\\\pl\\\\\\\\\\\|000\f\pol\\
=009  991014678149705066
=015  \\$aUWD 2013/4547
=020  \\$a9788376022437
=020  \\$a9788376023762
=020  \\$a9788378132325
=020  \\$a9788378132660
=040  \\$aWA N$cWA N
=041  1\$apol$hnor
=080  \\$a821.113.5-3
=100  1\$aLien, Merete$d(1952- )$1http://viaf.org/viaf/102266743
=245  10$aUpojne noce /$cMerete Lien ; przekł. Izabela Krepsztul-Załuska.
=246  1\$iTyt. oryg.:$aFløyelsnetter,$f2006
=260  \\$aWarszawa :$bRingier Axel Springer Polska ;$aJózefów :$bBap-Press,$ccop. 2013.
=300  \\$a184, [1] s. ;$c18 cm.
=336  \\$aTekst$btxt$2rdacontent
=337  \\$aBez urządzenia pośredniczącego$bn$2rdamedia
=338  \\$aWolumin$bnc$2rdacarrier
=380  \\$iMajor genre$aLiterature$leng
=380  \\$aKsiążki
=381  \\$iMajor genre$aFiction$leng
=388  1\$a2001-
=490  1\$aDzieci sztormu / Merete Lien ;$vt. 34
=490  1\$aFakt Kolekcja
=500  \\$aTyt. oryg. cyklu: [Barn av stormen].
=655  \7$aPowieść norweska$y21 w.$2DBN
=700  1\$aKrepsztul-Załuska, Izabela$eTł.
=710  2\$aBiuro Analiz i Promocji Prasowych Bap-Press$4pbl$1http://viaf.org/viaf/296257496
=710  2\$aRingier Axel Springer Polska$4pbl$1http://viaf.org/viaf/296159722
=800  1\$aLien, Merete$d(1952- ).$tDzieci sztormu ;$vt. 34
=830  \0$aFakt Kolekcja
=995  \\$aPolska Bibliografia Literacka$bPBL 2013-2020: książki

