=LDR  01101nam a2200313 i 4500
=001  b0000002843099
=005  20210713054034.0
=008  130128s2013\\\\pl\a\\\\\\\\\|000\j\pol\\
=009  991014697129705066
=015  \\$aUWD 2013/5380
=020  \\$a9788363052478
=040  \\$aWA N$cWA N$dWA N
=080  \\$a821.162.1-3
=100  1\$aKalinin, Andrzej$d(1933-2021)$1http://viaf.org/viaf/17389212
=245  10$aLas wokół /$cAndrzej Kalinin.
=250  \\$aWyd. 3.
=260  \\$aCzęstochowa :$bWydawnictwo Literackie "Li-TWA",$c2013.
=300  \\$a118, [1] s. ;$c25 cm.
=336  \\$aTekst$btxt$2rdacontent
=337  \\$aBez urządzenia pośredniczącego$bn$2rdamedia
=338  \\$aWolumin$bnc$2rdacarrier
=380  \\$iMajor genre$aLiterature$leng
=380  \\$aKsiążki
=381  \\$iMajor genre$aFiction$leng
=648  \7$a1901-2000$2DBN
=655  \7$aOpowiadanie polskie$y20 w.$2DBN
=710  2\$aLiterackie Towarzystwo Wzajemnej Adoracji "Li-TWA"$4pbl
=923  \\$aLiterackie Towarzystwo Wzajemnej Adoracji "Li-TWA".
=995  \\$aPolska Bibliografia Literacka$bPBL 2013-2020: książki

