=LDR  01153nam a2200325 i 4500
=001  b0000002843102
=005  20210527070633.4
=008  130128s2013\\\\pl\\\\\j\\\\\|000\f\pol\\
=009  991014697239705066
=015  \\$aUWD 2013/5441
=020  \\$a9788310123770
=040  \\$aWA N$cWA N
=080  \\$a821.162.1-93
=100  1\$aWojdowicz, Agnieszka$1http://viaf.org/viaf/249774738
=245  10$aKorona Mandalich /$cAgnieszka Wojdowicz.
=260  \\$aWarszawa :$bWydawnictwo "Nasza Księgarnia",$c2013.
=300  \\$a396, [4] s. ;$c21 cm.
=336  \\$aTekst$btxt$2rdacontent
=337  \\$aBez urządzenia pośredniczącego$bn$2rdamedia
=338  \\$aWolumin$bnc$2rdacarrier
=380  \\$iMajor genre$aLiterature$leng
=380  \\$aKsiążki
=381  \\$iMajor genre$aFiction$leng
=388  1\$a2001-
=490  1\$aStrażnicy Nirgali / Agnieszka Wojdowicz
=655  \7$aPowieść młodzieżowa polska$y21 w.$2DBN
=710  2\$aWydawnictwo "Nasza Księgarnia"$4pbl
=800  1\$aWojdowicz, Agnieszka.$tStrażnicy Nirgali
=923  \\$aWydawnictwo "Nasza Księgarnia"
=995  \\$aPolska Bibliografia Literacka$bPBL 2013-2020: książki

