=LDR  01246nam a2200349 i 4500
=001  b0000002843115
=005  20210320073155.9
=008  130128s2013\\\\pl\a\\\j\\\\\|000\f\pol\\
=009  991014697839705066
=015  \\$aUWD 2013/5446
=020  \\$a9788310121776
=040  \\$aWA N$cWA N
=041  1\$apol$hger
=080  \\$a821.112.2-93
=100  1\$aZett, Sabine$d(1967- )$1http://viaf.org/viaf/107099342
=245  10$aGeniusz Kuba /$cSabine Zett ; przeł. Małgorzata Słabicka ; il. Ute Krause.
=246  1\$iTyt. oryg.:$aHugos geniale Welt,$f2011
=260  \\$aWarszawa :$bWydawnictwo "Nasza Księgarnia",$c2013.
=300  \\$a188, [4] s. :$bil. ;$c20 cm.
=336  \\$aTekst$btxt$2rdacontent
=337  \\$aBez urządzenia pośredniczącego$bn$2rdamedia
=338  \\$aWolumin$bnc$2rdacarrier
=380  \\$iMajor genre$aLiterature$leng
=380  \\$aKsiążki
=381  \\$iMajor genre$aFiction$leng
=388  1\$a2001-
=500  \\$aStanowi początek cyklu.
=655  \7$aPowieść młodzieżowa niemiecka$y21 w.$2DBN
=700  1\$aKrause, Ute$d(1960- )$eIl.
=700  1\$aSłabicka, Małgorzata$eTł.
=710  2\$aWydawnictwo "Nasza Księgarnia"$4pbl
=995  \\$aPolska Bibliografia Literacka$bPBL 2013-2020: książki

