=LDR  01424nam a2200361 i 4500
=001  b0000002843127
=005  20210321073729.9
=008  130128s2013\\\\pl\\\\\\\\\\\|000\f\pol\\
=009  991014698259705066
=015  \\$aUWD 2013/5353
=020  \\$a9788310124685
=040  \\$aWA N$cWA N
=041  1\$apol$heng
=080  \\$a821.111(417)-3
=100  1\$aScott, Michael$d(1959- )$1http://viaf.org/viaf/59255871
=245  10$aAlchemik /$cMichael Scott ; przeł. Hanna Baltyn.
=246  1\$iTyt. oryg.:$aAlchemyst,$f2007
=260  \\$aWarszawa :$bWydawnictwo "Nasza Księgarnia",$ccop. 2013.
=300  \\$a318, [2] s. ;$c22 cm.
=336  \\$aTekst$btxt$2rdacontent
=337  \\$aBez urządzenia pośredniczącego$bn$2rdamedia
=338  \\$aWolumin$bnc$2rdacarrier
=380  \\$iMajor genre$aLiterature$leng
=380  \\$aKsiążki
=381  \\$iMajor genre$aFiction$leng
=388  1\$a2001-
=490  1\$aSekrety nieśmiertelnego Nicholasa Flamela / Michael Scott
=500  \\$aTyt. oryg.: "The Alchemyst" 2007, tyt. oryg. cyklu: "The secrets of the immortal Nicholas Flamel".
=655  \7$aPowieść irlandzka$y21 w.$2DBN
=700  1\$aBaltyn, Hanna$d(1956-2014)$eTł.$1http://viaf.org/viaf/101721157
=710  2\$aWydawnictwo "Nasza Księgarnia"$4pbl
=800  1\$aScott, Michael$d(1959- ).$tSekrety nieśmiertelnego Nicholasa Flamela
=995  \\$aPolska Bibliografia Literacka$bPBL 2013-2020: książki

