=LDR  01356nam a2200373 i 4500
=001  b0000002843172
=005  20210527070419.7
=008  130128s2013\\\\pl\\\\\\\\\\\|000\f\pol\\
=009  991014699959705066
=015  \\$aUWD 2013/5315
=020  \\$a9788310119674
=040  \\$aWA N$cWA N
=041  1\$apol$hswe
=080  \\$a821.113.6(480)-3
=100  1\$aJansson, Tove$d(1914-2001)$1http://viaf.org/viaf/111533709
=245  10$aUczciwa oszustka /$cTove Jansson ; przeł. Halina Thylwe.
=246  1\$iTyt. oryg.:$aÄrliga bedragaren,$f1982
=260  \\$aWarszawa :$bWydawnictwo "Nasza Księgarnia",$c2013.
=300  \\$a237, [3] s. ;$c21 cm.
=336  \\$aTekst$btxt$2rdacontent
=337  \\$aBez urządzenia pośredniczącego$bn$2rdamedia
=338  \\$aWolumin$bnc$2rdacarrier
=380  \\$iMajor genre$aLiterature$leng
=380  \\$aKsiążki
=381  \\$iMajor genre$aFiction$leng
=490  1\$aKontrapunkt
=500  \\$aTyt. oryg.: "Den ärliga bedragaren" 1982.
=648  \7$a1901-2000$2DBN
=655  \7$aPowieść fińska$y20 w.$2DBN
=700  1\$aThylwe, Halina$d(1952- )$eTł.$1http://viaf.org/viaf/222284895
=710  2\$aWydawnictwo "Nasza Księgarnia"$4pbl
=830  \0$aKontrapunkt - Nasza Księgarnia
=923  \\$aWydawnictwo "Nasza Księgarnia"
=995  \\$aPolska Bibliografia Literacka$bPBL 2013-2020: książki

