=LDR  01192nam a2200325 i 4500
=001  b0000002843196
=005  20210321074103.9
=008  130128s2013\\\\pl\a\\\\\\\\\|000\j\pol\\
=009  991014700949705066
=015  \\$aUWD 2013/5433
=020  \\$a9788310123701
=040  \\$aWA N$cWA N
=080  \\$a821.162.1-93
=100  1\$aKasdepke, Grzegorz$d(1972- )$1http://viaf.org/viaf/84698991
=245  10$aPotworak i inne ko(s)miczne opowieści /$cGrzegorz Kasdepke ; il. Artur Gulewicz.
=260  \\$aWarszawa :$bWydawnictwo "Nasza Księgarnia",$c2013.
=300  \\$a59, [5] s. :$bil. kolor. ;$c23 cm.
=336  \\$aTekst$btxt$2rdacontent
=337  \\$aBez urządzenia pośredniczącego$bn$2rdamedia
=338  \\$aWolumin$bnc$2rdacarrier
=380  \\$iMajor genre$aLiterature$leng
=380  \\$aKsiążki
=381  \\$iMajor genre$aFiction$leng
=388  1\$a2001-
=490  1\$aSeria z Ufoludem
=655  \7$aOpowiadanie dziecięce polskie$y21 w.$2DBN
=700  1\$aGulewicz, Artur$d(1978- )$eIl.$1http://viaf.org/viaf/101708697
=710  2\$aWydawnictwo "Nasza Księgarnia"$4pbl
=830  \0$aSeria z Ufoludem
=995  \\$aPolska Bibliografia Literacka$bPBL 2013-2020: książki

