=LDR  01101nam a2200325 i 4500
=001  b0000002843246
=005  20210321073644.9
=008  130128s2013\\\\pl\\\\\\\\\\\|000\f\pol\\
=009  991014702889705066
=015  \\$aUWD 2013/5344
=020  \\$a9788310122773
=040  \\$aWA N$cWA N
=041  1\$apol$heng
=080  \\$a821.111(73)-3
=100  1\$aPerkins-Valdez, Dolen
=245  10$aNiewolnice /$cDolen Perkins-Valdez ; przeł. Natalia Wiśniewska.
=246  1\$iTyt. oryg.:$aWench,$f2010
=260  \\$aWarszawa :$bWydawnictwo "Nasza Księgarnia",$c2013.
=300  \\$a340, [12] s. ;$c21 cm.
=336  \\$aTekst$btxt$2rdacontent
=337  \\$aBez urządzenia pośredniczącego$bn$2rdamedia
=338  \\$aWolumin$bnc$2rdacarrier
=380  \\$iMajor genre$aLiterature$leng
=380  \\$aKsiążki
=381  \\$iMajor genre$aFiction$leng
=388  1\$a2001-
=655  \7$aPowieść amerykańska$y21 w.$2DBN
=700  1\$aWiśniewska, Natalia$c(tłumaczka)$eTł.
=710  2\$aWydawnictwo "Nasza Księgarnia"$4pbl
=995  \\$aPolska Bibliografia Literacka$bPBL 2013-2020: książki

