=LDR  01403nam a2200361 i 4500
=001  b0000002843265
=005  20210321073644.9
=008  130128s2013\\\\pl\a\\\b\\\\\|000\j\pol\\
=009  991014703769705066
=015  \\$aUWD 2013/5437
=020  \\$a9788310123466
=040  \\$aWA N$cWA N
=041  1\$apol$heng
=080  \\$a821.111(73)-93
=100  1\$aPark, Barbara$d(1947-2013)$1http://viaf.org/viaf/102209780
=245  10$aAloha-ha-ha! /$cBarbara Park ; przeł. Magdalena Koziej ; il. Denise Brunkus.
=246  1\$iTyt. oryg.:$aJunie B., first grader :$baloha-ha-ha!,$f2006
=260  \\$aWarszawa :$bWydawnictwo "Nasza Księgarnia",$c2013.
=300  \\$a119, [1] s. :$bil. ;$c20 cm.
=336  \\$aTekst$btxt$2rdacontent
=337  \\$aBez urządzenia pośredniczącego$bn$2rdamedia
=338  \\$aWolumin$bnc$2rdacarrier
=380  \\$iMajor genre$aLiterature$leng
=380  \\$aKsiążki
=381  \\$iMajor genre$aFiction$leng
=388  1\$a2001-
=490  1\$aZuźka D. Zołzik pierwszakiem / Barbara Park
=655  \7$aOpowiadanie dziecięce amerykańskie$y21 w.$2DBN
=700  1\$aBrunkus, Denise$eIl.
=700  1\$aKoziej, Magdalena$d(1962- )$eTł.$1http://viaf.org/viaf/101870430
=710  2\$aWydawnictwo "Nasza Księgarnia"$4pbl
=800  1\$aPark, Barbara$d(1947-2013).$tZuźka D. Zołzik pierwszakiem
=995  \\$aPolska Bibliografia Literacka$bPBL 2013-2020: książki

