=LDR  01499nam a2200385 i 4500
=001  b0000002843275
=005  20210321073638.9
=008  130214s2013\\\\pl\a\\\\\\\\\|000\0apol\\
=009  991014704179705066
=015  \\$aUWD 2013/5753
=020  \\$a9788360537671
=040  \\$aWA N$cWA N
=080  \\$a377.3:63(438)
=080  \\$a929-051(438)"19"
=100  1\$aMoliński, Wiesław$d(1958- )$1http://viaf.org/viaf/161364485
=245  10$aJelenie ryczą w Rogozińcu /$cWiesław Moliński.
=250  \\$aWyd. 2. popr.
=260  \\$aNamysłów :$bNamislavia, Tadeusz Wincewicz i S-ka,$c2013.
=300  \\$a168 s. :$bil. ;$c21 cm.
=336  \\$aTekst$btxt$2rdacontent
=337  \\$aBez urządzenia pośredniczącego$bn$2rdamedia
=338  \\$aWolumin$bnc$2rdacarrier
=380  \\$iMajor genre$aLiterature$leng
=380  \\$aKsiążki
=381  \\$iMajor genre$aOther$leng
=600  17$aMoliński, Wiesław$d(1958- )$2DBN$1http://viaf.org/viaf/161364485
=610  27$aTechnikum Leśne (Rogoziniec)$2DBN
=648  \7$a1901-2000$2DBN
=648  \7$a1945-1989$2DBN
=650  \7$aLeśnictwo$xszkolnictwo$zPolska$y1956-1989 r.$2DBN
=650  \7$aSzkolnictwo zawodowe$zPolska$y1956-1989 r.$2DBN
=651  \7$aRogoziniec (woj. lubuskie)$xszkolnictwo i oświata$y1956-1989 r.$2DBN
=655  \7$aPamiętniki polskie$y1956-1989 r.$2DBN
=710  2\$aNamislavia, Tadeusz Wincewicz$4pbl$1http://viaf.org/viaf/296782696
=995  \\$aPolska Bibliografia Literacka$bPBL 2013-2020: książki

