=LDR  01344nam a2200361 i 4500
=001  b0000002843358
=005  20210321073758.1
=008  130128s2013\\\\pl\a\\\\\\\\\|000\f\pol\\
=009  991014707379705066
=015  \\$aUWD 2013/5342
=020  \\$a9788310117946
=040  \\$aWA N$cWA N
=041  1\$apol$heng
=080  \\$a821.111(73)-3
=100  1\$aNorton, Andre$d(1912-2005)$1http://viaf.org/viaf/121640202
=245  10$aŚwiat Czarownic /$cAndre Norton ; przekł. Ewa Witecka.
=246  1\$iTyt. oryg.:$aWitch World,$f1963
=260  \\$aWarszawa :$bWydawnictwo "Nasza Księgarnia",$c2013.
=300  \\$a331, [5] s. :$bil. ;$c20 cm.
=336  \\$aTekst$btxt$2rdacontent
=337  \\$aBez urządzenia pośredniczącego$bn$2rdamedia
=338  \\$aWolumin$bnc$2rdacarrier
=380  \\$iMajor genre$aLiterature$leng
=380  \\$aKsiążki
=381  \\$iMajor genre$aFiction$leng
=490  1\$aŚwiat Czarownic. Cykl Estcarp / Andre Norton ;$v1
=500  \\$aTyt. oryg.: "The Witch World" 1963.
=648  \7$a1901-2000$2DBN
=655  \7$aPowieść amerykańska$y20 w.$2DBN
=700  1\$aWitecka, Ewa$c(tłumacz)$eTł.
=710  2\$aWydawnictwo "Nasza Księgarnia"$4pbl
=800  1\$aNorton, André$d(1912-2005).$tŚwiat Czarownic.$pCykl Estcarp ;$v1
=995  \\$aPolska Bibliografia Literacka$bPBL 2013-2020: książki

