=LDR  01304nam a2200349 i 4500
=001  b0000002843456
=005  20210320072754.3
=008  130128s2013\\\\pl\\\\\\\\\\\|000\f\pol\\
=009  991014711079705066
=015  \\$aUWD 2013/5376
=020  \\$a9788392780472
=040  \\$aWA N$cWA N
=080  \\$a821.162.1-3
=080  \\$a929-052(438)"19"
=080  \\$a929-052(438)"20"
=100  1\$aGorczyca, Łukasz$d(1972- )$1http://viaf.org/viaf/16881722
=245  10$aW połowie puste :$bżycie i twórczość Oskara Dawickiego : powieść /$cŁukasz Gorczyca, Łukasz Ronduda.
=250  \\$aWyd. 2. rozsz.
=260  \\$aPoznań :$bArt Stations Foundation by Grażyna Kulczyk,$c2013.
=300  \\$a333, [3] s. ;$c21 cm.
=336  \\$aTekst$btxt$2rdacontent
=337  \\$aBez urządzenia pośredniczącego$bn$2rdamedia
=338  \\$aWolumin$bnc$2rdacarrier
=380  \\$iMajor genre$aLiterature$leng
=380  \\$aKsiążki
=381  \\$iMajor genre$aFiction$leng
=388  1\$a2001-
=600  17$aDawicki, Oskar$d(1971- )$2DBN$1http://viaf.org/viaf/85835157
=655  \7$aPowieść polska$y21 w.$2DBN
=700  1\$aRonduda, Łukasz$d(1976- )
=710  2\$aArt Stations Foundation$4pbl$1http://viaf.org/viaf/166111652
=995  \\$aPolska Bibliografia Literacka$bPBL 2013-2020: książki

