=LDR  01278nam a2200361 i 4500
=001  b0000002843719
=005  20210320072957.6
=008  130129s2013\\\\pl\\\\\\\\\\\|000\f\pol\\
=009  991014721429705066
=015  \\$aUWD 2013/4549
=020  \\$a9788324142347
=040  \\$aWA N$cWA N
=041  1\$apol$heng
=080  \\$a821.111(73)-3
=100  1\$aLuceno, James$d(1947- )$1http://viaf.org/viaf/75726235/
=245  10$aCzarny Lord :$bnarodziny Dartha Vadera /$cJames Luceno ; przekł. Andrzej Syrzycki.
=246  1\$iTyt. oryg.:$aDark Lord :$bthe rise of Darth Vader,$f2005
=250  \\$aWyd. 2.
=260  \\$aWarszawa :$bWydawnictwo Amber,$c2013.
=300  \\$a300, [1] s. ;$c18 cm.
=336  \\$aTekst$btxt$2rdacontent
=337  \\$aBez urządzenia pośredniczącego$bn$2rdamedia
=338  \\$aWolumin$bnc$2rdacarrier
=380  \\$iMajor genre$aLiterature$leng
=380  \\$aKsiążki
=381  \\$iMajor genre$aFiction$leng
=388  1\$a2001-
=490  1\$aStar Wars ;$vt. 26
=655  \7$aPowieść amerykańska$y21 w.$2DBN
=700  1\$aSyrzycki, Andrzej$c(tłumacz)$eTł.
=710  2\$aWydawnictwo Amber$4pbl$1http://viaf.org/viaf/296101835
=830  \0$aStar Wars - Amber$vt. 26
=995  \\$aPolska Bibliografia Literacka$bPBL 2013-2020: książki

