=LDR  00937nam a2200277 i 4500
=001  b0000002843764
=005  20201013051704.2
=008  130129s2013\\\\pl\\\\\\o\\\\|000\j\pol\\
=009  991014723039705066
=015  \\$aBDE 2013/1252
=020  \\$a9788363598433
=040  \\$aWA N$cWA N$dWA N
=080  \\$a82-1/-9(0.034)
=100  1\$aŁukowska, Joanna
=245  10$aWybory :$bzbiór opowiadań /$cJoanna Łukowska.
=260  \\$aPoznań :$bWydawnictwo RW2010,$ccop. 2013.
=380  \\$iMajor genre$aLiterature$leng
=380  \\$aE-booki
=381  \\$iMajor genre$aFiction$leng
=388  1\$a2001-
=500  \\$aDokument online dostępny w Repozytorium Dokumentów Elektronicznych BN.
=500  \\$aTyt. z ekranu tyt.
=655  \7$aDokumenty elektroniczne$2DBN
=655  \7$aOpowiadanie polskie$y21 w.$2DBN
=710  2\$aRW2010$4pbl$1http://viaf.org/viaf/301905924
=995  \\$aPolska Bibliografia Literacka$bPBL 2013-2020: książki

