=LDR  01593nam a2200361 i 4500
=001  b0000002843793
=005  20201219065736.2
=008  130129s2013\\\\pl\\\\\\\\\\\|000\f\pol\\
=009  991014724109705066
=015  \\$aUWD 2013/4622
=020  \\$a9788377693964
=020  \\$a9788377694084
=040  \\$aWA N$cWA N
=080  \\$a821.162.1-3
=100  1\$aRodziewiczówna, Maria$d(1863-1944)$1http://viaf.org/viaf/101739597
=245  10$aFarsa pani Heni ;$bJazon Bobrowski /$cMaria Rodziewiczówna.
=260  \\$aWarszawa :$bEdipresse Polska,$c[2013].
=300  \\$a235, [1] s. ;$c18 cm.
=336  \\$aTekst$btxt$2rdacontent
=337  \\$aBez urządzenia pośredniczącego$bn$2rdamedia
=338  \\$aWolumin$bnc$2rdacarrier
=380  \\$iMajor genre$aLiterature$leng
=380  \\$aKsiążki
=381  \\$iMajor genre$aFiction$leng
=490  1\$aKlasyka literatury kobiecej / Maria Rodziewiczówna ;$vt. 12
=648  \7$a1801-1900$2DBN
=655  \7$aOpowiadanie polskie$y19 w.$2DBN
=655  \7$aPowieść polska$y19 w.$2DBN
=700  12$aRodziewiczówna, Maria$d(1863-1944)$tJazon Bobrowski$1http://viaf.org/viaf/101739597
=710  2\$aEdipresse Polska$4pbl$1http://viaf.org/viaf/296933296
=800  1\$aRodziewiczówna, Maria$d(1864-1944).$tKlasyka literatury kobiecej ;$vt. 12
=950  \\$uhttps://eu.alma.exlibrisgroup.com/view/uresolver/48OMNIS_NLOP/openurl?u.ignore_date_coverage=true&portfolio_pid=53680049220005066&Force_direct=true$zZobacz w Polonie sygnatura: 1.446.043 A$853680049220005066
=995  \\$aPolska Bibliografia Literacka$bPBL 2013-2020: książki

