=LDR  00855nam a2200289 i 4500
=001  b0000002843963
=005  20200430071055.6
=008  130129s2013\\\\pl\\\\\\\\\\\|000\p\pol\\
=009  991014730909705066
=015  \\$aUWD 2013/4600
=020  \\$a9788392937807
=040  \\$aWA N$cWA N
=080  \\$a821.162.1-1
=100  0\$aJ. H.
=245  10$aMutacje /$cJ. H.
=260  \\$a[Warszawa :$bJanusz Heller,$c2013].
=300  \\$a20 s. ;$c16 cm.
=336  \\$aTekst$btxt$2rdacontent
=337  \\$aBez urządzenia pośredniczącego$bn$2rdamedia
=338  \\$aWolumin$bnc$2rdacarrier
=380  \\$iMajor genre$aLiterature$leng
=380  \\$aKsiążki
=381  \\$iMajor genre$aLyrical poetry$leng
=388  1\$a2001-
=500  \\$aOpis wg okł.
=655  \7$aPoezja polska$y21 w.$2DBN
=995  \\$aPolska Bibliografia Literacka$bPBL 2013-2020: książki

