=LDR  01148nam a2200337 i 4500
=001  b0000002844028
=005  20210320073306.7
=008  130129s2013\\\\pl\a\\\\\\\\\|000\p\pol\\
=009  991014733639705066
=015  \\$aUWD 2013/4074
=020  \\$a9788377805558
=040  \\$aWA N$cWA N
=080  \\$a272-535
=080  \\$a821.162.1-1
=245  00$aLeć, kolędo, w świat! /$cred. prowadzący Joanna Marszałek-Kawa.
=260  \\$aToruń :$bWydawnictwo Adam Marszałek,$c2013.
=300  \\$a49 s. :$bil. kolor. ;$c21 cm.
=336  \\$aTekst$btxt$2rdacontent
=337  \\$aBez urządzenia pośredniczącego$bn$2rdamedia
=338  \\$aWolumin$bnc$2rdacarrier
=380  \\$iMajor genre$aLiterature$leng
=380  \\$aKsiążki
=381  \\$iMajor genre$aOther$leng
=381  \\$iMajor genre$aLyrical poetry$leng
=388  1\$a1901-2000
=388  1\$a2001-
=655  \7$aKolędy i pastorałki$2DBN
=655  \7$aPoezja polska$y20-21 w.$2DBN
=700  1\$aMarszałek-Kawa, Joanna$eRed.
=710  2\$aWydawnictwo Adam Marszałek$4pbl$1http://viaf.org/viaf/151487054
=995  \\$aPolska Bibliografia Literacka$bPBL 2013-2020: książki

