=LDR  01116nam a2200301 i 4500
=001  b0000002844061
=005  20210320072957.3
=008  130129s2013\\\\pl\a\\\\\\\\\|000\p\pol\\
=009  991014734879705066
=015  \\$aUWD 2013/4596
=020  \\$a9788392666547
=040  \\$aWA N$cWA N
=080  \\$a821.162.1-1
=100  1\$aFurmańska, Ewa$4pbl
=245  10$aUkojeniem jesteś... /$cEwa Furmańska ; [zdj. Ewa Furmańska].
=260  \\$a[Warszawa :$bEwa Furmańska] ;$aChełmno :$bKościół Zielonoświątkowy,$c2013.
=300  \\$a[16] s. :$bil. kolor. ;$c15 cm.
=336  \\$aTekst$btxt$2rdacontent
=337  \\$aBez urządzenia pośredniczącego$bn$2rdamedia
=338  \\$aWolumin$bnc$2rdacarrier
=380  \\$iMajor genre$aLiterature$leng
=380  \\$aKsiążki
=381  \\$iMajor genre$aLyrical poetry$leng
=388  1\$a2001-
=510  3\$aNazwa pierwszego wyd. wg bazy ISBN.
=655  \7$aPoezja polska$y21 w.$2DBN
=710  2\$aZbór Kościoła Zielonoświątkowego (Chełmno)$4pbl$1http://viaf.org/viaf/268509331
=995  \\$aPolska Bibliografia Literacka$bPBL 2013-2020: książki

