=LDR  01019nam a2200289 i 4500
=001  b0000002844138
=005  20200430071333.9
=008  130129s2013\\\\pl\a\\\\\\\\\|000\j\pol\\
=009  991014737969705066
=015  \\$aUWD 2013/4663
=020  \\$a9788392298663
=040  \\$aWA N$cWA N
=080  \\$a821.162.1-93
=100  1\$aRogala, Aleksandra$d(1971- )$4pbl$1http://viaf.org/viaf/296443420
=245  10$aAntek, Adelina i pies Plastelina /$cAleksandra Rogala ; [rys. Iga Wilczyńska].
=260  \\$a[Czeladź :$bAleksandra Rogala],$c2013.
=300  \\$a52 s. :$bil. kolor. ;$c28 cm.
=336  \\$aTekst$btxt$2rdacontent
=337  \\$aBez urządzenia pośredniczącego$bn$2rdamedia
=338  \\$aWolumin$bnc$2rdacarrier
=380  \\$iMajor genre$aLiterature$leng
=380  \\$aKsiążki
=381  \\$iMajor genre$aFiction$leng
=388  1\$a2001-
=655  \7$aOpowiadanie dziecięce polskie$y21 w.$2DBN
=700  1\$aWilczyńska, Iga$eIl.
=995  \\$aPolska Bibliografia Literacka$bPBL 2013-2020: książki

