=LDR  01210nam a2200325 i 4500
=001  b0000002844264
=005  20210321073210.8
=008  130130s2013\\\\pl\\\\\\\\\\\|000\j\pol\\
=009  991014743349705066
=015  \\$aUWD 2013/4530
=020  \\$a9788393302857
=040  \\$aWA N$cWA N
=041  1\$apol$heng
=080  \\$a821.111(73)-3
=100  1\$aHoward, Robert Ervin$d(1906-1936)$1http://viaf.org/viaf/41841537
=245  10$aKrólestwo cieni i inne opowiadania z mitologii Cthultu /$cRobert E. Howard ; wybór i tł. Mateusz Kopacz.
=260  \\$aKraków :$bWydawnictwo Agharta,$c2013.
=300  \\$a265 s. ;$c23 cm.
=336  \\$aTekst$btxt$2rdacontent
=337  \\$aBez urządzenia pośredniczącego$bn$2rdamedia
=338  \\$aWolumin$bnc$2rdacarrier
=380  \\$iMajor genre$aLiterature$leng
=380  \\$aKsiążki
=381  \\$iMajor genre$aFiction$leng
=500  \\$aTyt. grzb.: Królestwo cieni.
=648  \7$a1901-2000$2DBN
=655  \7$aOpowiadanie amerykańskie$y20 w.$2DBN
=700  1\$aKopacz, Mateusz$eTł.
=710  2\$aAgharta, Księgarnia, Antykwariat, Wydawnictwo$4pbl$1http://viaf.org/viaf/302421144
=995  \\$aPolska Bibliografia Literacka$bPBL 2013-2020: książki

