=LDR  00953nam a2200265 i 4500
=001  b0000002844267
=005  20200501071312.7
=008  130717s2013\\\\sw\a\\\\\\\\\|000\p\pol\\
=009  991014743459705066
=040  \\$aWA N$cWA N
=100  1\$aKruszelnicki, Tommy$d(1940- )$1http://viaf.org/viaf/167226286
=245  10$aBiałe noce, czarne dnie.$nNr 143 /$c[Tommy Kruszelnicki].
=260  \\$aVendelsö :$bFIMAS,$ccop. 2013.
=300  \\$a47 s. :$bil. ;$c21 cm.
=336  \\$aTekst$btxt$2rdacontent
=337  \\$aBez urządzenia pośredniczącego$bn$2rdamedia
=338  \\$aWolumin$bnc$2rdacarrier
=380  \\$iMajor genre$aLiterature$leng
=380  \\$aKsiążki
=381  \\$iMajor genre$aLyrical poetry$leng
=388  1\$a2001-
=500  \\$aOpis wg okł. Nazwa aut. w cop.
=655  \7$aPoezja polska$y21 w.$2DBN
=710  2\$aFIMAS$1http://viaf.org/viaf/312148995741459750184
=995  \\$aPolska Bibliografia Literacka$bPBL 2013-2020: książki

