=LDR  01109nam a2200313 i 4500
=001  b0000002844400
=005  20200430071231.4
=008  130130s2013\\\\pl\\\\\\\\\\\|000\p\pol\\
=009  991014748549705066
=015  \\$aUWD 2013/4624
=020  \\$a9788392298670
=040  \\$aWA N$cWA N
=080  \\$a821.162.1-84
=100  1\$aRogala, Aleksandra$d(1971- )$4pbl$1http://viaf.org/viaf/296443420
=245  10$aŻycie w aforyzmy ubrane /$cAleksandra Rogala.
=260  \\$aKatowice :$bP.W. Bater ;$a[Czeladź :$bAleksandra Rogala],$c2013.
=300  \\$a61 s. ;$c15x21 cm.
=336  \\$aTekst$btxt$2rdacontent
=337  \\$aBez urządzenia pośredniczącego$bn$2rdamedia
=338  \\$aWolumin$bnc$2rdacarrier
=380  \\$iMajor genre$aLiterature$leng
=380  \\$aKsiążki
=380  \\$aProza
=381  \\$iMajor genre$aOther$leng
=386  \\$mPrzynależność kulturowa$aLiteratura polska
=388  1\$a2001-
=655  \7$aAforyzmy$2DBN
=710  2\$aPrzedsiębiorstwo Wielobranżowe "Bater-Akumulatory", Adam Cisowski.$4pbl
=995  \\$aPolska Bibliografia Literacka$bPBL 2013-2020: książki

