=LDR  01023nam a2200325 i 4500
=001  b0000002844463
=005  20200430071229.2
=008  130130s2013\\\\pl\a\\\\\\\\\|000\j\pol\\
=009  991014751149705066
=015  \\$aUWD 2013/4657
=020  \\$a9788325313241
=040  \\$aWA N$cWA N
=041  1\$apol$heng
=080  \\$a82-93
=245  00$aLwy kontra Krokodyle /$cGreg Farshtey [et al.].
=260  \\$aŁódź :$bAmeet,$ccop. 2013.
=300  \\$a47, [1] s. :$bil. kolor. ;$c20 cm.
=336  \\$aTekst$btxt$2rdacontent
=337  \\$aBez urządzenia pośredniczącego$bn$2rdamedia
=338  \\$aWolumin$bnc$2rdacarrier
=380  \\$aKsiążki
=388  1\$a2001-
=490  1\$aLego Legends of Chima
=500  \\$aNa okł.: Wersja promocyjna.
=546  \\$aTł. z ang.
=655  \7$aOpowiadanie dziecięce$y21 w.$2DBN
=700  1\$aFarshtey, Greg
=710  2\$aAmeet$4pbl$1http://viaf.org/viaf/299824852
=830  \0$aLego Legends of Chima
=995  \\$aPolska Bibliografia Literacka$bPBL 2013-2020: książki

