=LDR  01116nam a2200337 i 4500
=001  b0000002844516
=005  20210321073210.8
=008  130130s2013\\\\pl\a\\\a\\\\\|000\j\pol\\
=009  991014753199705066
=015  \\$aUWD 2013/4642
=020  \\$a9788324826216
=020  \\$a9788324829170
=040  \\$aWA N$cWA N
=041  1\$apol$hund
=080  \\$a82-93
=100  1\$aBruni, Amelia
=245  10$aZwierzęta domowe /$c[tekst Amelia Bruni ; tł. Wojciech Tyszka].
=260  \\$aWarszawa :$bDe Agostini Polska,$ccop. 2013.
=300  \\$a24 s. :$bil. kolor. ;$c21 cm +$e2 zabawki.
=336  \\$aTekst$btxt$2rdacontent
=337  \\$aBez urządzenia pośredniczącego$bn$2rdamedia
=338  \\$aWolumin$bnc$2rdacarrier
=380  \\$aKsiążki
=388  1\$a2001-
=490  1\$aWesoła Farma Bawi i Uczy ;$v39
=500  \\$aNa okł. i grzb. podtyt.: w gospodarstwie.
=655  \7$aOpowiadanie dziecięce$y21 w.$2DBN
=700  1\$aTyszka, Wojciech$eTł.
=710  2\$aDe Agostini Polska$4pbl
=830  \0$aWesoła Farma Bawi i Uczy $v39
=995  \\$aPolska Bibliografia Literacka$bPBL 2013-2020: książki

