=LDR  01405nam a2200373 i 4500
=001  b0000002844521
=005  20210321073644.9
=008  130130s2013\\\\pl\\\\\\\\\\\|000\f\pol\\
=009  991014753359705066
=015  \\$aUWD 2013/4581
=020  \\$a9788324142330
=040  \\$aWA N$cWA N
=041  1\$apol$heng
=080  \\$a821.111(73)-3
=100  1\$aStover, Matthew Woodring$d(1962- )$1http://viaf.org/viaf/24774519
=245  10$aZemsta Sithów /$cMatthew Stover ; przekł. Maciej Szymański.
=246  1\$iTyt. oryg.:$aRevenge of the Sith,$f2005
=250  \\$aWyd. 2.
=260  \\$aWarszawa :$bWydawnictwo Amber,$c2013.
=300  \\$a379, [2] s. ;$c18 cm.
=336  \\$aTekst$btxt$2rdacontent
=337  \\$aBez urządzenia pośredniczącego$bn$2rdamedia
=338  \\$aWolumin$bnc$2rdacarrier
=380  \\$iMajor genre$aLiterature$leng
=380  \\$aKsiążki
=381  \\$iMajor genre$aFiction$leng
=388  1\$a2001-
=490  1\$aStar Wars ;$vt. 25
=500  \\$aOznaczono jako cz. 3. Stanowi kontyn. książki Georga Lucasa pt.: Mroczne widmo. Cz. 1 i R. A. Salvatore pt.: Atak klonów. Cz. 2.
=655  \7$aPowieść amerykańska$y21 w.$2DBN
=700  1\$aSzymański, Maciej$c(tłumacz)$eTł.
=710  2\$aWydawnictwo Amber$4pbl$1http://viaf.org/viaf/296101835
=830  \0$aStar Wars - Amber$vt. 25
=995  \\$aPolska Bibliografia Literacka$bPBL 2013-2020: książki

