=LDR  01598nam a2200397 i 4500
=001  b0000002844568
=005  20210611074318.5
=008  130130s2013\\\\pl\a\\\\\\\\\|000\0\pol\\
=009  991014755209705066
=015  \\$aUWD 2013/4722
=020  \\$a9788391991756
=040  \\$aWA N$cWA N
=080  \\$a929-051(438)"19"
=080  \\$a94(438).082.218
=100  1\$aCiechanowicz, Marceli$d(1890-1975)$1http://viaf.org/viaf/165100420
=245  10$aStara Prochownia :$bwspomnienia z Powstania Warszawskiego 1944 roku /$cspisał Marceli Ciechanowicz ; [red. i posł. Witold Ciechanowicz].
=250  \\$aWyd. 2. popr. i rozsz.
=260  \\$aSosnowiec :$bFirma Michał Ciechanowicz,$ccop. 2013.
=300  \\$a63 s. :$bil. ;$c21 cm.
=336  \\$aTekst$btxt$2rdacontent
=337  \\$aBez urządzenia pośredniczącego$bn$2rdamedia
=338  \\$aWolumin$bnc$2rdacarrier
=380  \\$iMajor genre$aLiterature$leng
=380  \\$aKsiążki
=381  \\$iMajor genre$aOther$leng
=600  17$aCiechanowicz, Marceli$d(1890-1975)$2DBN$1http://viaf.org/viaf/165100420
=610  27$aArmia Krajowa.$b4 Batalion WSOP "Dzik"$2DBN
=648  \7$a1901-2000$2DBN
=648  \7$a1939-1945$2DBN
=650  \7$aPowstanie warszawskie (1944)$2DBN
=651  \7$aWarszawa (woj. mazowieckie)$xstara prochownia$y1939-1945 r.$2DBN
=655  \7$aPamiętniki polskie$y1939-1945 r.$2DBN
=700  1\$aCiechanowicz, Michał$4pbl
=700  1\$aCiechanowicz, Witold$d(1943- )$eRed.$1http://viaf.org/viaf/161328969
=923  \\$aCiechanowicz, Michał
=995  \\$aPolska Bibliografia Literacka$bPBL 2013-2020: książki

