=LDR  01253nam a2200361 i 4500
=001  b0000002844651
=005  20210321073413.8
=008  130130s2013\\\\pl\a\\\a\\\\\|000\j\pol\\
=009  991014758489705066
=015  \\$aUWD 2013/4655
=020  \\$a9788324826216
=020  \\$a9788324829163
=040  \\$aWA N$cWA N
=041  1\$apol$hund
=080  \\$a82-93
=100  1\$aLaurendon, Gilles$d(1957- )$1http://viaf.org/viaf/268349177
=245  10$aMleko /$c[text by Gilles Laurendon ; tł. Wojciech Tyszka].
=260  \\$aWarszawa :$bDe Agostini Polska,$ccop. 2013.
=300  \\$a24 s. :$bil. kolor. ;$c21 cm +$e2 zabawki.
=336  \\$aTekst$btxt$2rdacontent
=337  \\$aBez urządzenia pośredniczącego$bn$2rdamedia
=338  \\$aWolumin$bnc$2rdacarrier
=380  \\$iMajor genre$aLiterature$leng
=380  \\$aKsiążki
=381  \\$iMajor genre$aFiction$leng
=388  1\$a2001-
=490  1\$aWesoła Farma Bawi i Uczy ;$v38
=500  \\$aNa okł. i grzb. podtyt.: produkty ze wsi.
=655  \7$aOpowiadanie dziecięce francuskie$y21 w.$2DBN
=700  1\$aTyszka, Wojciech$eTł.
=710  2\$aDe Agostini Polska$4pbl
=830  \0$aWesoła Farma Bawi i Uczy $v38
=995  \\$aPolska Bibliografia Literacka$bPBL 2013-2020: książki

