=LDR  01065nam a2200313 i 4500
=001  b0000002845008
=005  20210321073438.8
=008  130131s2013\\\\pl\\\\\\\\\\\|000\f\pol\\
=009  991014773129705066
=015  \\$aUWD 2013/4608
=020  \\$a9788363622053
=040  \\$aWA N$cWA N
=080  \\$a821.162.1-3
=100  1\$aMichalak, Katarzyna$d(1969- )$1http://viaf.org/viaf/169618996
=245  10$aMistrz /$cKatarzyna Michalak.
=260  \\$aPoznań :$bWydawnictwo Filia grupa Termedia,$c2013.
=300  \\$a309, [3] s. ;$c20 cm.
=336  \\$aTekst$btxt$2rdacontent
=337  \\$aBez urządzenia pośredniczącego$bn$2rdamedia
=338  \\$aWolumin$bnc$2rdacarrier
=380  \\$iMajor genre$aLiterature$leng
=380  \\$aKsiążki
=381  \\$iMajor genre$aFiction$leng
=388  1\$a2001-
=490  1\$aSeria z Tulipanem
=655  \7$aPowieść polska$y21 w.$2DBN
=710  2\$aTermedia$4pbl$1http://viaf.org/viaf/296385340
=830  \0$aSeria z Tulipanem - Wydawnictwo Filia
=995  \\$aPolska Bibliografia Literacka$bPBL 2013-2020: książki

