=LDR  01030nam a2200301 i 4500
=001  b0000002845097
=005  20210321073856.6
=008  130131s2013\\\\pl\\\\\\\\\\\|000\e\pol\\
=009  991014776839705066
=015  \\$aUWD 2013/4589
=020  \\$a9788370338671
=040  \\$aWA N$cWA N
=080  \\$a821.162.1-4
=100  1\$aCzapczyk, Jolanta
=245  10$aVabank czyli Życie pesymisty /$cJolanta Czapczyk.
=246  30$aŻycie pesymisty
=260  \\$aPoznań :$bWydawnictwo Polskiej Prowincji Dominikanów W drodze,$c2013.
=300  \\$a122, [6] s. ;$c20 cm.
=336  \\$aTekst$btxt$2rdacontent
=337  \\$aBez urządzenia pośredniczącego$bn$2rdamedia
=338  \\$aWolumin$bnc$2rdacarrier
=380  \\$iMajor genre$aLiterature$leng
=380  \\$aKsiążki
=381  \\$iMajor genre$aOther$leng
=388  1\$a2001-
=655  \7$aSzkice literackie polskie$y21 w.$2DBN
=710  2\$aWydawnictwo Polskiej Prowincji Dominikanów "W drodze"$4pbl
=995  \\$aPolska Bibliografia Literacka$bPBL 2013-2020: książki

