=LDR  01512nam a2200385 i 4500
=001  b0000002845101
=005  20210321073950.9
=008  130131s2013\\\\pl\a\\\\\\\\\|000\0\pol\\
=009  991014776979705066
=015  \\$aUWD 2013/4366
=020  \\$a9788363964085
=040  \\$aWA N$cWA N
=080  \\$a616-006
=080  \\$a616-053.2
=080  \\$a636.7.045
=080  \\$a929-051(438)"20"
=100  1\$aLazar, Maciej$d(1998-2012)$1http://viaf.org/viaf/296650705
=245  10$aLabradoodlusiowo czyli Opowieść o psie i spełnionym marzeniu /$cMaciek Lazar ; [red. Łukasz Ziemski].
=246  30$aOpowieść o psie i spełnionym marzeniu
=260  \\$aWałbrzych ;$aŚwidnica :$bWydawnictwo Diecezji Świdnickiej,$c2013.
=300  \\$a77 s. :$bil. ;$c21 cm.
=336  \\$aTekst$btxt$2rdacontent
=337  \\$aBez urządzenia pośredniczącego$bn$2rdamedia
=338  \\$aWolumin$bnc$2rdacarrier
=380  \\$iMajor genre$aLiterature$leng
=380  \\$aKsiążki
=381  \\$iMajor genre$aOther$leng
=600  17$aLazar, Maciej$d(1998-2012)$2DBN$1http://viaf.org/viaf/296650705
=648  \7$a2001-$2DBN
=650  \7$aDziecko chore na nowotwór$zPolska$y21 w.$2DBN
=650  \7$aLudzie a zwierzęta$2DBN
=655  \7$aPamiętniki polskie$y21 w.$2DBN
=700  1\$aZiemski, Łukasz$d(1979-2014)$eRed.$1http://viaf.org/viaf/163161614
=710  2\$aWydawnictwa Diecezji Świdnickiej$4pbl$1http://viaf.org/viaf/302836219
=995  \\$aPolska Bibliografia Literacka$bPBL 2013-2020: książki

