=LDR  01209nam a2200337 i 4500
=001  b0000002845106
=005  20210321073557.2
=008  130131s2013\\\\pl\\\\\\\\\\\|000\f\pol\\
=009  991014777149705066
=015  \\$aUWD 2013/4493
=020  \\$a9788363387686
=040  \\$aWA N$cWA N
=041  1\$apol$heng
=080  \\$a821.111(73)-3
=100  1\$aAhmed, Qanta
=245  10$aW kraju niewidzialnych kobiet /$cQanta A. Ahmed ; przeł. Elżbieta Krawczyk.
=246  1\$iTyt. oryg.:$aIn the land of invisible women :$ba female doctor's journey in the Saudi Kingdom ,$f2008
=260  \\$aWarszawa :$bWielka Litera,$ccop. 2013.
=300  \\$a479, [1] s. ;$c21 cm.
=336  \\$aTekst$btxt$2rdacontent
=337  \\$aBez urządzenia pośredniczącego$bn$2rdamedia
=338  \\$aWolumin$bnc$2rdacarrier
=380  \\$iMajor genre$aLiterature$leng
=380  \\$aKsiążki
=381  \\$iMajor genre$aFiction$leng
=388  1\$a2001-
=504  \\$aBibliogr. s. 473.
=655  \7$aPowieść amerykańska$y21 w.$2DBN
=700  1\$aKrawczyk, Elżbieta$c(tłumacz)$eTł.
=710  2\$aWielka Litera$4pbl$1http://viaf.org/viaf/301965777
=995  \\$aPolska Bibliografia Literacka$bPBL 2013-2020: książki

