=LDR  01615nam a2200421 i 4500
=001  b0000002845793
=005  20210320072935.5
=008  130204s2013\\\\pl\a\\\\\\\\\|000\f\pol\\
=009  991014804719705066
=015  \\$aUWD 2013/4517
=020  \\$a9788377692080
=020  \\$a9788377694459
=040  \\$aWA N$cWA N
=041  1\$apol$hger
=080  \\$a821.112.2-3
=100  1\$aDornberg, Michaela
=245  10$aZdrada? /$cMichaela Dornberg ; [przekł. z jęz. niem. Anna Just, Tomasz Strożek].
=246  1\$iTyt. oryg.:$aBöser Verdacht
=246  1\$iTyt. oryg.:$aWem schenkst du deine Gefühle?
=260  \\$aWarszawa :$bWydawnictwo Edipresse Polska,$ccop. 2013.
=300  \\$a186, [1] s. ;$c18 cm.
=336  \\$aTekst$btxt$2rdacontent
=337  \\$aBez urządzenia pośredniczącego$bn$2rdamedia
=338  \\$aWolumin$bnc$2rdacarrier
=380  \\$iMajor genre$aLiterature$leng
=380  \\$aKsiążki
=381  \\$iMajor genre$aFiction$leng
=388  1\$a2001-
=490  1\$aLena ze Słonecznego Wzgórza : saga / Michaela Dornberg ;$vt. 26
=490  1\$aPrzyjaciółka Poleca!
=500  \\$aTyt. oryg.: Wem schenkst du deine Gefühle?, Ein böser Verdacht, tyt. oryg. cyklu: Die Fahrenbachs.
=655  \7$aPowieść niemiecka$y21 w.$2DBN
=700  1\$aJust, Anna$eTł.
=700  1\$aStrożek, Tomasz$eTł.
=710  2\$aEdipresse Polska$4pbl$1http://viaf.org/viaf/296933296
=800  1\$aDornberg, Michaela.$tLena ze Słonecznego Wzgórza ;$vt. 26
=830  \0$aPrzyjaciółka Poleca - Edipresse Polska
=995  \\$aPolska Bibliografia Literacka$bPBL 2013-2020: książki

