=LDR  01248nam a2200325 i 4500
=001  b0000002846078
=005  20210320073004.1
=008  130204s2013\\\\pl\\\\\\\\\\\|000\f\pol\\
=009  991014815999705066
=015  \\$aUWD 2013/4592
=020  \\$a9788377691656
=020  \\$a9788377691922
=040  \\$aWA N$cWA N
=080  \\$a821.162.1-3
=100  1\$aFleszarowa-Muskat, Stanisława$d(1919-1989)$1http://viaf.org/viaf/67899058
=245  10$aMost nad rwącą rzeką /$cStanisława Fleszarowa-Muskat.
=260  \\$aWarszawa :$bEdipresse Polska,$c[2013].
=300  \\$a380, [1] s. ;$c18 cm.
=336  \\$aTekst$btxt$2rdacontent
=337  \\$aBez urządzenia pośredniczącego$bn$2rdamedia
=338  \\$aWolumin$bnc$2rdacarrier
=380  \\$iMajor genre$aLiterature$leng
=380  \\$aKsiążki
=381  \\$iMajor genre$aFiction$leng
=490  1\$aMistrzyni powieści obyczajowej / Stanisława Fleszarowa-Muskat ;$vt. 27
=648  \7$a1901-2000$2DBN
=655  \7$aPowieść polska$y20 w.$2DBN
=710  2\$aEdipresse Polska$4pbl$1http://viaf.org/viaf/296933296
=800  1\$aFleszarowa-Muskat, Stanisława$d(1919-1989).$tMistrzyni powieści obyczajowej ;$vt. 27
=995  \\$aPolska Bibliografia Literacka$bPBL 2013-2020: książki

