=LDR  01513nam a2200397 i 4500
=001  b0000002846305
=005  20210320072945.0
=008  130205s2013\\\\pl\\\\\\\\\\\|000\f\pol\\
=009  991014824779705066
=015  \\$aUWD 2013/4573
=020  \\$a9788376023359
=020  \\$a9788376023519
=020  \\$a9788378133179
=020  \\$a9788378133216
=040  \\$aWA N$cWA N
=041  1\$apol$hnor$hswe
=080  \\$a821.113.5-3
=100  1\$aSandemo, Margit$d(1924-2018)$1http://viaf.org/viaf/47570855
=245  10$aJasnowłosa /$cMargit Sandemo ; przekł. Lucyna Chomicz-Dąbrowska.
=246  1\$iTyt. oryg.:$aFlickan med silverhåret,$f1981
=260  \\$aWarszawa :$bRingier Axel Springer Polska ;$aJózefów :$bBap-Press,$ccop. 2013.
=300  \\$a158, [1] s. ;$c18 cm.
=336  \\$aTekst$btxt$2rdacontent
=337  \\$aBez urządzenia pośredniczącego$bn$2rdamedia
=338  \\$aWolumin$bnc$2rdacarrier
=380  \\$iMajor genre$aLiterature$leng
=380  \\$aKsiążki
=381  \\$iMajor genre$aFiction$leng
=490  1\$aOpowieści znad Fiordów ;$vnr 4/2013
=648  \7$a1901-2000$2DBN
=655  \7$aPowieść norweska$y20 w.$2DBN
=700  1\$aChomicz-Dąbrowska, Lucyna$eTł.
=710  2\$aBiuro Analiz i Promocji Prasowych Bap-Press$4pbl$1http://viaf.org/viaf/296257496
=710  2\$aRingier Axel Springer Polska$4pbl$1http://viaf.org/viaf/296159722
=830  \0$aOpowieści znad Fiordów$vnr 4/2013
=995  \\$aPolska Bibliografia Literacka$bPBL 2013-2020: książki

