=LDR  01325nam a2200409 i 4500
=001  b0000002846403
=005  20200430071236.3
=008  130205s2013\\\\pl\a\\\\\\\\\|000\1\pol\\
=009  991014828829705066
=015  \\$aUWD 2013/4648
=020  \\$a9788375507089
=020  \\$a9788375508352
=040  \\$aWA N$cWA N
=041  1\$apol$heng
=080  \\$a821.111(73)-93
=100  1\$aHood, Susan$d(1954- )
=245  10$aW hotelu /$ctekst Susan Hood ; il. Tom Brannon.
=260  \\$aWarszawa :$bMedia Service Zawada,$c[2013].
=300  \\$a[24] s. :$bil. kolor. ;$c22 cm.
=336  \\$aTekst$btxt$2rdacontent
=337  \\$aBez urządzenia pośredniczącego$bn$2rdamedia
=338  \\$aWolumin$bnc$2rdacarrier
=380  \\$iMajor genre$aLiterature$leng
=380  \\$aKsiążki
=381  \\$iMajor genre$aFiction$leng
=388  1\$a2001-
=490  1\$aMini Mini+ Poleca
=490  1\$aSezamkowy Zakątek 123
=490  1\$aUlubione Bajki ;$v7
=546  \\$aTł. z ang.
=655  \7$aOpowiadanie dziecięce amerykańskie$y21 w.$2DBN
=700  1\$aBrannon, Tom$eIl.
=710  2\$aMedia Service Zawada$4pbl$1http://viaf.org/viaf/296717679
=830  \0$aMini Mini Poleca
=830  \0$aSezamkowy Zakątek 123
=830  \0$aUlubione Bajki $v7
=995  \\$aPolska Bibliografia Literacka$bPBL 2013-2020: książki

