=LDR  01096nam a2200301 i 4500
=001  b0000002846500
=005  20210321073944.0
=008  130205s2013\\\\pl\a\\\\\\\\\|000\j\pol\\
=009  991014832679705066
=015  \\$aUWD 2013/4598
=020  \\$a9788393008513$z9788393008113
=040  \\$aWA N$cWA N
=080  \\$a821.162.1-3
=100  1\$aHajok, Marek$d(1966- )$4pbl$1http://viaf.org/viaf/296959019
=245  10$a...co w głowie piszczy /$cMarek Hajok.
=260  \\$aMikołów :$bMarek Hajok :$bMiejska Biblioteka Publiczna,$c2013.
=300  \\$a70, [2] s. :$bil. ;$c24 cm.
=336  \\$aTekst$btxt$2rdacontent
=337  \\$aBez urządzenia pośredniczącego$bn$2rdamedia
=338  \\$aWolumin$bnc$2rdacarrier
=380  \\$iMajor genre$aLiterature$leng
=380  \\$aKsiążki
=381  \\$iMajor genre$aFiction$leng
=388  1\$a2001-
=500  \\$aNa s. red. błędny ISBN.
=655  \7$aOpowiadanie polskie$y21 w.$2DBN
=710  2\$aMiejska Biblioteka Publiczna (Mikołów)$4pbl$1http://viaf.org/viaf/303030409
=995  \\$aPolska Bibliografia Literacka$bPBL 2013-2020: książki

