=LDR  01229nam a2200337 i 4500
=001  b0000002846550
=005  20210321073747.5
=008  130205s2013\\\\pl\\\\\\\\\\\|000\f\pol\\
=009  991014834549705066
=015  \\$aUWD 2013/4506
=020  \\$a9788373923829
=040  \\$aWA N$cWA N$dWA N
=041  1\$apol$hita
=080  \\$a821.131.1-3
=100  1\$aCamilleri, Andrea$d(1925-2019)$1http://viaf.org/viaf/68987008
=245  10$aSkrzydła sfinksa /$cAndrea Camilleri ; przeł. Monika Woźniak.
=246  1\$iTyt. oryg.:$aAli della sfinge,$f2006
=260  \\$aWarszawa :$bOficyna Literacka Noir sur Blanc,$c2013.
=300  \\$a272, [8] s. ;$c18 cm.
=336  \\$aTekst$btxt$2rdacontent
=337  \\$aBez urządzenia pośredniczącego$bn$2rdamedia
=338  \\$aWolumin$bnc$2rdacarrier
=380  \\$iMajor genre$aLiterature$leng
=380  \\$aKsiążki
=381  \\$iMajor genre$aFiction$leng
=388  1\$a2001-
=500  \\$aTyt. oryg.: "Le ali della sfinge" 2006.
=655  \7$aPowieść włoska$y21 w.$2DBN
=700  1\$aWoźniak, Monika$c(filolog)$eTł.
=710  2\$aOficyna Literacka Noir sur Blanc$4pbl$1http://viaf.org/viaf/296501064
=995  \\$aPolska Bibliografia Literacka$bPBL 2013-2020: książki

