=LDR  01182nam a2200337 i 4500
=001  b0000002846597
=005  20210321073140.6
=008  130205s2013\\\\pl\\\\\\\\\\\|000\f\pol\\
=009  991014836499705066
=015  \\$aUWD 2013/4578
=020  \\$a9788363387426
=040  \\$aWA N$cWA N
=041  1\$apol$heng
=080  \\$a821.111(73)-3
=100  1\$aSanto, Courtney Miller
=245  10$aSekret drzewa oliwnego /$cCourtney Miller Santo ; z ang. przeł. Małgorzata Miłosz.
=246  1\$iTyt. oryg.:$aRoots of the olive tree,$f2012.
=260  \\$aWarszawa :$bWielka Litera,$c2013.
=300  \\$a367, [1] s. ;$c21 cm.
=336  \\$aTekst$btxt$2rdacontent
=337  \\$aBez urządzenia pośredniczącego$bn$2rdamedia
=338  \\$aWolumin$bnc$2rdacarrier
=380  \\$iMajor genre$aLiterature$leng
=380  \\$aKsiążki
=381  \\$iMajor genre$aFiction$leng
=388  1\$a2001-
=500  \\$aTyt. oryg.: "The roots of the olive tree" 2012.
=655  \7$aPowieść amerykańska$y21 w.$2DBN
=700  1\$aMiłosz, Małgorzata$eTł.
=710  2\$aWielka Litera$4pbl$1http://viaf.org/viaf/301965777
=995  \\$aPolska Bibliografia Literacka$bPBL 2013-2020: książki

