=LDR  01849nam a2200433 i 4500
=001  b0000002846656
=005  20210717064852.3
=008  130205s2013\\\\pl\a\\\\\\\\\|001\0\pol\\
=009  991014838799705066
=015  \\$aUWD 2013/4743
=020  \\$a9788393572618
=040  \\$aWA N$cWA N$dKR U
=080  \\$a929-051(438)"19"
=080  \\$a94(438).082
=080  \\$a94(498)"19"
=100  1\$aNajsarek, Romuald$d(1897-1967)$1http://viaf.org/viaf/304000423
=245  10$aWielka ucieczka marszałka Edwarda Śmigłego-Rydza z Rumunii w relacji ppłk. Romualda Najsarka /$c[oprac.] Tadeusz Dubicki.
=260  \\$aRadomsko :$bWydawnictwo "Taurus",$c2013.
=300  \\$a236, [1] s. :$bil. ;$c21 cm.
=336  \\$aTekst$btxt$2rdacontent
=337  \\$aBez urządzenia pośredniczącego$bn$2rdamedia
=338  \\$aWolumin$bnc$2rdacarrier
=380  \\$iMajor genre$aLiterature$leng
=380  \\$aKsiążki
=381  \\$iMajor genre$aOther$leng
=500  \\$aZawiera także komentarz do wspomnień R. Najsarka autorstwa Józefa Lebedowicza.
=504  \\$aBibliogr. s. 231-[237]. Indeksy.
=600  17$aNajsarek, Romuald$d(1897-1967)$2DBN$1http://viaf.org/viaf/304000423
=600  17$aRydz-Śmigły, Edward$d(1886-1941)$2DBN$1http://viaf.org/viaf/52488093
=648  \7$a1901-2000$2DBN
=648  \7$a1939-1945$2DBN
=650  \7$aInternowani$zPolska$y1939-1945 r.$2DBN
=650  \7$aWojsko Polskie (1939-1945)$2DBN
=651  \7$aRumunia$xpolityka$zPolska$y1939-1945 r.$2DBN
=655  \7$aPamiętniki polskie$y1939-1945 r.$2DBN
=700  1\$aDubicki, Tadeusz$d(1948- )$eOprac.$1http://viaf.org/viaf/54402869
=700  1\$aLebedowicz, Józef$d(1904-1986)$1http://viaf.org/viaf/29152380100401761130
=710  2\$aWydawnictwo "Taurus", Izabela Szumlas-Majzner$4pbl
=995  \\$aPolska Bibliografia Literacka$bPBL 2013-2020: książki

