=LDR  01344nam a2200373 i 4500
=001  b0000002846769
=005  20210527070817.3
=008  130206s2013\\\\pl\a\\\\\6\\\|000\1\pol\\
=009  991014843349705066
=020  \\$a9788323776048
=040  \\$aWA N$cWA N
=041  1\$apol$heng
=245  00$aKaczory nie płaczą /$c[red. prowadzący Artur Skura ; tł. Jacek Drewnowski].
=260  \\$aWarszawa :$bEgmont Polska,$ccop. 2013.
=300  \\$a254, [2] s. :$bil. kolor. ;$c19 cm.
=336  \\$aTekst$btxt$2rdacontent
=337  \\$aBez urządzenia pośredniczącego$bn$2rdamedia
=338  \\$aWolumin$bnc$2rdacarrier
=380  \\$iMajor genre$aLiterature$leng
=380  \\$aKsiążki
=381  \\$iMajor genre$aOther$leng
=381  \\$iMajor genre$aFiction$leng
=388  1\$a2001-
=490  1\$aGigant Poleca ;$vt. 152
=500  \\$aNumeracja na grzb. książki pozwala na ułożenie obrazka.
=546  \\$aTł. z ang.
=655  \7$aKomiks$2DBN
=655  \7$aOpowiadanie dziecięce amerykańskie$y21 w.$2DBN
=700  1\$aDrewnowski, Jacek$d(1974- )$eTł.$1http://viaf.org/viaf/102021889
=700  1\$aSkura, Artur$eRed.
=710  2\$aEgmont Polska$4pbl$1http://viaf.org/viaf/297005105
=830  \0$aGigant Poleca$vt. 152
=923  \\$aEgmont Polska.
=995  \\$aPolska Bibliografia Literacka$bPBL 2013-2020: książki

