=LDR  01494nam a2200421 i 4500
=001  b0000002846772
=005  20210615063036.1
=008  130206s2013\\\\pl\a\\\\\\\\\|000\j\pol\\
=009  991014843449705066
=015  \\$aUWD 2013/5422
=020  \\$a9788375505191
=020  \\$a9788375506952
=040  \\$aWA N$cWA N
=041  1\$apol$heng
=080  \\$a821.111-93
=100  1\$aAstley, Neville
=245  10$aUlepimy bałwana /$c[tł. i red. Monika Kiersnowska ; postać Świnki Peppy stworzyli Neville Astley i Mark Baker].
=260  \\$aWarszawa :$bMedia Service Zawada,$c[2013].
=300  \\$a[24] s. :$bil. kolor. ;$c22 cm.
=336  \\$aTekst$btxt$2rdacontent
=337  \\$aBez urządzenia pośredniczącego$bn$2rdamedia
=338  \\$aWolumin$bnc$2rdacarrier
=380  \\$iMajor genre$aLiterature$leng
=380  \\$aKsiążki
=381  \\$iMajor genre$aFiction$leng
=388  1\$a2001-
=490  1\$aKsiążeczki z Półeczki ;$v12
=490  1\$aMini Mini+ Poleca
=490  1\$aŚwinka Peppa
=546  \\$aTł. z ang.
=655  \7$aOpowiadanie dziecięce angielskie$y21 w.$2DBN
=700  1\$aBaker, Mark$d(1959- )$1http://viaf.org/viaf/225244127
=700  1\$aKiersnowska, Monika$eTł.
=710  2\$aMedia Service Zawada$4pbl$1http://viaf.org/viaf/296717679
=830  \0$aKsiążeczki z Półeczki$v12
=830  \0$aMini Mini+ Poleca (Media Service Zawada)
=830  \0$aŚwinka Peppa
=995  \\$aPolska Bibliografia Literacka$bPBL 2013-2020: książki

