=LDR  01272nam a2200385 i 4500
=001  b0000002846793
=005  20200430071400.3
=008  130206s2013\\\\pl\a\\\\\\\\\|000\j\pol\\
=009  991014844389705066
=015  \\$aUWD 2013/5430
=020  \\$a9788375507676
=020  \\$a9788375507713
=040  \\$aWA N$cWA N
=041  1\$apol$heng
=080  \\$a821.111(73)-93
=100  1\$aHolabird, Katharine
=245  10$aAngelina, prima ballerina /$c[Katharine Holabird and Helen Craig].
=260  \\$aWarszawa :$bMedia Service Zawada,$ccop. 2013.
=300  \\$a24 s. :$bil. kolor. ;$c22 cm.
=336  \\$aTekst$btxt$2rdacontent
=337  \\$aBez urządzenia pośredniczącego$bn$2rdamedia
=338  \\$aWolumin$bnc$2rdacarrier
=380  \\$iMajor genre$aLiterature$leng
=380  \\$aKsiążki
=381  \\$iMajor genre$aFiction$leng
=388  1\$a2001-
=490  1\$aAngelina Ballerina ;$v4
=490  1\$aBaw się i Tańcz!
=546  \\$aTł. z ang.
=655  \7$aOpowiadanie dziecięce amerykańskie$y21 w.$2DBN
=700  1\$aCraig, Helen
=710  2\$aMedia Service Zawada$4pbl$1http://viaf.org/viaf/296717679
=830  \0$aAngelina Ballerina$v4
=830  \0$aBaw się i Tańcz!
=995  \\$aPolska Bibliografia Literacka$bPBL 2013-2020: książki

