=LDR  00844nam a2200253 i 4500
=001  b0000002846901
=005  20210321073602.0
=008  130206s2013\\\\xxk\\\\\\\\\\|000\p\pol\\
=009  991014848739705066
=020  \\$a9780957531703
=040  \\$aWA N$cWA N
=100  1\$aNiedopytalska, Iwona$1http://viaf.org/viaf/311144725
=245  10$aBiały Dogon /$cIwona Niedopytalska.
=260  \\$aLondon :$b2Kings&Luv Publishers,$c2013.
=300  \\$a105, [3] s. ;$c16 cm.
=336  \\$aTekst$btxt$2rdacontent
=337  \\$aBez urządzenia pośredniczącego$bn$2rdamedia
=338  \\$aWolumin$bnc$2rdacarrier
=380  \\$iMajor genre$aLiterature$leng
=380  \\$aKsiążki
=381  \\$iMajor genre$aLyrical poetry$leng
=388  1\$a2001-
=655  \7$aPoezja polska$y21 w.$2DBN
=995  \\$aPolska Bibliografia Literacka$bPBL 2013-2020: książki

