=LDR  01684nam a2200373 i 4500
=001  b0000002846947
=005  20210321072951.5
=008  130206s2013\\\\pl\a\\\\\\\\\|000\j\pol\\
=009  991014850599705066
=015  \\$aUWD 2013/5436
=020  \\$a9788387605599
=040  \\$aWA N$cWA N
=080  \\$a821.162.1-93
=100  1\$aNiewiadomska-Labiak, Izabela$1http://viaf.org/viaf/102169290
=245  10$aRobaki nie robią draki /$cIza Niewiadomska-Labiak.
=260  \\$aWąbrzeźno :$bWąbrzeskie Zakłady Graficzne,$c[2013].
=300  \\$a64 s. :$bil. ;$c15x21 cm.
=336  \\$aTekst$btxt$2rdacontent
=337  \\$aBez urządzenia pośredniczącego$bn$2rdamedia
=338  \\$aWolumin$bnc$2rdacarrier
=380  \\$iMajor genre$aLiterature$leng
=380  \\$aKsiążki
=381  \\$iMajor genre$aFiction$leng
=388  1\$a2001-
=490  1\$aRymowane opowieści dla dzieci i rodziców / Iza Niewiadomska-Labiak
=505  0\$aLeniwy Mrówek ; Zazdrosna Mszyca ; Wredna Osa ; Zakochany Komar.
=655  \7$aOpowiadanie dziecięce polskie$y21 w.$2DBN
=700  12$aNiewiadomska-Labiak, Izabela.$tLeniwy Mrówek$1http://viaf.org/viaf/102169290
=700  12$aNiewiadomska-Labiak, Izabela.$tWredna Osa$1http://viaf.org/viaf/102169290
=700  12$aNiewiadomska-Labiak, Izabela.$tZakochany Komar$1http://viaf.org/viaf/102169290
=700  12$aNiewiadomska-Labiak, Izabela.$tZazdrosna Mszyca$1http://viaf.org/viaf/102169290
=710  2\$aWąbrzeskie Zakłady Graficzne$4pbl$1http://viaf.org/viaf/296985724
=800  1\$aNiewiadomska-Labiak, Izabela.$tRymowane opowieści dla dzieci i rodziców
=995  \\$aPolska Bibliografia Literacka$bPBL 2013-2020: książki

