=LDR  01657nam a2200433 i 4500
=001  b0000002846951
=005  20210527070427.3
=008  130206s2013\\\\pl\\\\\\\\\\\|000\f\pol\\
=009  991014850739705066
=015  \\$aUWD 2013/5311
=020  \\$a9788376023359
=020  \\$a9788376023472
=020  \\$a9788378133179
=020  \\$a9788378133209
=040  \\$aWA N$cWA N
=041  1\$apol$hnor
=080  \\$a821.113.5-3
=100  1\$aIngulstad, Frid$d(1935- )$1http://viaf.org/viaf/101645575
=245  10$aMnich /$cFrid Ingulstad ; przekł. Anna Marcinikówna [!].
=246  1\$iTyt. oryg.:$aMunken,$f2001
=260  \\$aWarszawa :$bRingier Axel Springer Polska ;$aJózefów :$bBap-Press,$ccop. 2013.
=300  \\$a189, [1] s. ;$c18 cm.
=336  \\$aTekst$btxt$2rdacontent
=337  \\$aBez urządzenia pośredniczącego$bn$2rdamedia
=338  \\$aWolumin$bnc$2rdacarrier
=380  \\$iMajor genre$aLiterature$leng
=380  \\$aKsiążki
=381  \\$iMajor genre$aFiction$leng
=388  1\$a2001-
=490  1\$aOpowieści znad Fiordów ;$vnr 3/2013
=500  \\$aNa książce błędna nazwa tł., prawidłowa: Anna Marciniakówna.
=655  \7$aPowieść norweska$y21 w.$2DBN
=700  1\$aMarciniakówna, Anna$eTł.
=710  2\$aBiuro Analiz i Promocji Prasowych Bap-Press$4pbl$1http://viaf.org/viaf/296257496
=710  2\$aRingier Axel Springer Polska$4pbl$1http://viaf.org/viaf/296159722
=830  \0$aOpowieści znad Fiordów$vnr 3/2013
=923  \\$aBiuro Analiz i Promocji Prasowych Bap-Press.
=923  \\$aRingier Axel Springer Polska
=995  \\$aPolska Bibliografia Literacka$bPBL 2013-2020: książki

