=LDR  01172nam a2200325 i 4500
=001  b0000002846976
=005  20210321073454.3
=008  130206s2013\\\\pl\\\\\\\\\\\|000\e\pol\\
=009  991014851879705066
=015  \\$aUWD 2013/5413
=020  \\$a9788393355730
=040  \\$aWA N$cWA N
=080  \\$a821.162.1-4
=100  1\$aTabaczyński, Michał$d(1976- )$1http://viaf.org/viaf/163655725
=245  10$aWidoki na ciemność :$beseje, szkice, próby /$cMichał Tabaczyński.
=260  \\$aWrocław :$bStowarzyszenie Kulturalno-Artystyczne "Rita Baum",$c2013.
=300  \\$a124, [3] s. ;$c23 cm.
=336  \\$aTekst$btxt$2rdacontent
=337  \\$aBez urządzenia pośredniczącego$bn$2rdamedia
=338  \\$aWolumin$bnc$2rdacarrier
=380  \\$iMajor genre$aLiterature$leng
=380  \\$aKsiążki
=381  \\$iMajor genre$aOther$leng
=388  1\$a2001-
=490  1\$aBiblioteka Rity Baum
=500  \\$aNa okł. podtyt.: eseje.
=655  \7$aSzkice literackie polskie$y21 w.$2DBN
=710  2\$aStowarzyszenie Kulturalno-Artystyczne "Rita Baum".$4pbl
=830  \0$aBiblioteka Rity Baum
=995  \\$aPolska Bibliografia Literacka$bPBL 2013-2020: książki

