=LDR  00932nim a2200253 i 4500
=001  b0000002847021
=005  20210416082059.4
=008  130206s2013\\\\pl\nnnna\d\\\\\\\\c\pol\\
=009  991014853649705066
=015  \\$aBDD 2013
=040  \\$aWA N$cWA N
=100  1\$aMamcarz, Elżbieta$d(1951- )$1http://viaf.org/viaf/162122373
=245  10$aOpowiem ci o aniołach /$cElżbieta Mamcarz.
=260  \\$aWarszawa :$bWydawnictwo Sióstr Loretanek,$c[2013].
=300  \\$a1 płyta (CD) :$bdigital, stereo. ;$c12 cm.
=380  \\$iMajor genre$aLiterature$leng
=380  \\$aAudiobooki
=381  \\$iMajor genre$aLyrical poetry$leng
=388  1\$a2001-
=500  \\$aMuz. i realizacja nagrania: Piotr Mamcarz.
=655  \7$aPoezja dziecięca polska$y21 w.$2DBN
=700  1\$aMamcarz, Piotr
=710  2\$aWydawnictwo Sióstr Loretanek$4pbl$1http://viaf.org/viaf/296786815
=995  \\$aPolska Bibliografia Literacka$bPBL 2013-2020: książki

