=LDR  01022nam a2200301 i 4500
=001  b0000002847399
=005  20210618055440.0
=008  130207s2013\\\\pl\a\\\\\\\\\|000\f\pol\\
=009  991014868769705066
=015  \\$aUWD 2013/5414
=020  \\$a9788360540008
=040  \\$aWA N$cWA N
=080  \\$a821.162.1-3
=100  1\$aUrbas, Andrzej P.
=245  10$aCzarne wzgórza =$bCzorne grōnie /$cAndrzej P. Urbas.
=246  31$aCzorne grōnie
=260  \\$aZabrze :$bNarodowa Oficyna Śląska,$c2013.
=300  \\$a345, [3] s. ;$c20 cm.
=336  \\$aTekst$btxt$2rdacontent
=337  \\$aBez urządzenia pośredniczącego$bn$2rdamedia
=338  \\$aWolumin$bnc$2rdacarrier
=380  \\$iMajor genre$aLiterature$leng
=380  \\$aKsiążki
=381  \\$iMajor genre$aFiction$leng
=388  1\$a2001-
=655  \7$aPowieść polska$y21 w.$2DBN
=710  2\$aNarodowa Oficyna Śląska, Andrzej Roczniok$4pbl$1http://viaf.org/viaf/298318505
=995  \\$aPolska Bibliografia Literacka$bPBL 2013-2020: książki

