=LDR  00992nam a2200289 i 4500
=001  b0000002847410
=005  20210321073525.5
=008  130207s2013\\\\pl\\\\\\\\\\\|000\p\pol\\
=009  991014869219705066
=015  \\$aUWD 2013/5402
=020  \\$a9788360084182
=040  \\$aWA N$cWA N
=080  \\$a821.162.1-1
=100  1\$aSarwa, Andrzej$d(1953- )$1http://viaf.org/viaf/101741449
=245  10$aWiersze /$cAndrzej Juliusz Sarwa.
=260  \\$aSandomierz :$bWydawnictwo Spichlerz,$c2013.
=300  \\$a199, [6] s. ;$c20 cm.
=336  \\$aTekst$btxt$2rdacontent
=337  \\$aBez urządzenia pośredniczącego$bn$2rdamedia
=338  \\$aWolumin$bnc$2rdacarrier
=380  \\$iMajor genre$aLiterature$leng
=380  \\$aKsiążki
=381  \\$iMajor genre$aLyrical poetry$leng
=388  1\$a2001-
=655  \7$aPoezja polska$y21 w.$2DBN
=710  2\$aSandomierskie Stowarzyszenie Kulturalno-Oświatowe "Spichlerz"$4pbl
=995  \\$aPolska Bibliografia Literacka$bPBL 2013-2020: książki

