=LDR  01255nam a2200325 i 4500
=001  b0000002847439
=005  20210321073758.1
=008  130207s2013\\\\pl\\\\\\\\\\\|000\p\pol\\
=009  991014870399705066
=015  \\$aUWD 2013/5274
=020  \\$a9788362661848
=040  \\$aWA N$cWA N
=041  1\$apol$hpor
=080  \\$a821.134.3-1
=100  1\$aCamões, Luís de$d(1524?-1580)$1http://viaf.org/viaf/34454091
=245  10$aLuzjady =$b(Os Lusĭadas) : epos w dziesięciu pieśniach /$cLuís Vaz de Camões ; przeł. Zofia Trzeszczkowska.
=246  31$aLusĭadas
=260  \\$aSandomierz :$bWydawnictwo "Armoryka",$c2013.
=300  \\$a263, [1] s. ;$c21 cm.
=336  \\$aTekst$btxt$2rdacontent
=337  \\$aBez urządzenia pośredniczącego$bn$2rdamedia
=338  \\$aWolumin$bnc$2rdacarrier
=380  \\$aKsiążki
=490  1\$aBiblioteka Tradycji Europejskiej ;$vnr 45
=500  \\$aTyt. oryg.: "Os Lusĭadas".
=655  \7$aEpos portugalski$2DBN
=700  1\$aTrzeszczkowska, Zofia$d(1847-1911)$eTł.$1http://viaf.org/viaf/166791443
=710  2\$aWydawnictwo Armoryka$4pbl$1http://viaf.org/viaf/313081887
=830  \0$aBiblioteka Tradycji Europejskiej$vnr 45
=995  \\$aPolska Bibliografia Literacka$bPBL 2013-2020: książki

