=LDR  01208nam a2200337 i 4500
=001  b0000002847463
=005  20210618055519.1
=008  130207s2013\\\\pl\\\\\\\\\\\|000\p\pol\\
=009  991014871379705066
=015  \\$aUWD 2013/5390
=020  \\$a9788360540671
=040  \\$aWA N$cWA N
=080  \\$a821.162.1-1
=080  \\$a821.162.1-92
=100  1\$aMakula, Marian
=245  10$aKabareciorz ślōnski:$bwybrane felietōny i wiersze Mariana Makuli : z powinszowaniym na 60 gyburstag Autora /$cMarian Makula.
=260  \\$aZabrze :$bNarodowa Oficyna Śląska,$c2013.
=300  \\$a120, [2] s. ;$c21 cm.
=336  \\$aTekst$btxt$2rdacontent
=337  \\$aBez urządzenia pośredniczącego$bn$2rdamedia
=338  \\$aWolumin$bnc$2rdacarrier
=380  \\$iMajor genre$aLiterature$leng
=380  \\$aKsiążki
=381  \\$iMajor genre$aOther$leng
=381  \\$iMajor genre$aLyrical poetry$leng
=388  1\$a1901-2000
=388  1\$a2001-
=655  \7$aFelieton polski$y20-21 w.$2DBN
=655  \7$aPoezja polska$y20-21 w.$2DBN
=710  2\$aNarodowa Oficyna Śląska, Andrzej Roczniok$4pbl$1http://viaf.org/viaf/298318505
=995  \\$aPolska Bibliografia Literacka$bPBL 2013-2020: książki

