=LDR  01345nam a2200349 i 4500
=001  b0000002847483
=005  20210701071049.8
=008  130207s2013\\\\pl\\\\\\\\\\\|000\0\pol\\
=009  991014872079705066
=015  \\$aUWD 2013/5370
=020  \\$a9788363470012
=040  \\$aWA N$cWA N
=080  \\$a821.162.1-1
=080  \\$a821.162.1-3
=245  00$aCzegóż żąda Pan od Ciebie :$bantologia /$cpod red. Jana Leończuka.
=260  \\$aBiałystok :$bKsiążnica Podlaska im. Łukasza Górnickiego,$c2013.
=300  \\$a149 s., [1] k. tabl. luzem ;$c21 cm.
=336  \\$aTekst$btxt$2rdacontent
=337  \\$aBez urządzenia pośredniczącego$bn$2rdamedia
=338  \\$aWolumin$bnc$2rdacarrier
=380  \\$iMajor genre$aLiterature$leng
=380  \\$aKsiążki
=381  \\$iMajor genre$aOther$leng
=381  \\$iMajor genre$aLyrical poetry$leng
=388  1\$a2001-
=655  \7$aAntologia$2DBN
=655  \7$aLiteratura chrześcijańska$zPolska$2DBN
=655  \7$aMiniatura literacka polska$y21 w.$2DBN
=655  \7$aPoezja polska$y21 w.$2DBN
=700  1\$aLeończuk, Jan$d(1950-2021)$eRed.$1http://viaf.org/viaf/101759554
=710  2\$aKsiążnica Podlaska im. Łukasza Górnickiego (Białystok)$4pbl$1http://viaf.org/viaf/4241147270602735700008
=995  \\$aPolska Bibliografia Literacka$bPBL 2013-2020: książki

