=LDR  00992nam a2200301 i 4500
=001  b0000002847493
=005  20210320072948.0
=008  130207s2013\\\\pl\a\\\\\\\\\|000\f\pol\\
=009  991014872439705066
=015  \\$aUWD 2013/5415
=020  \\$a9788377671160
=040  \\$aWA N$cWA N
=080  \\$a821.162.1-3
=100  1\$aWilmowska, Iwona
=245  10$aPogromcy nudy /$cIwona Wilmowska ; il. Jacek Siudak.
=260  \\$aKraków :$bWydawnictwo WAM,$ccop. 2013.
=300  \\$a291, [1] s. :$bil. ;$c21 cm.
=336  \\$aTekst$btxt$2rdacontent
=337  \\$aBez urządzenia pośredniczącego$bn$2rdamedia
=338  \\$aWolumin$bnc$2rdacarrier
=380  \\$iMajor genre$aLiterature$leng
=380  \\$aKsiążki
=381  \\$iMajor genre$aFiction$leng
=388  1\$a2001-
=655  \7$aPowieść polska$y21 w.$2DBN
=700  1\$aSiudak, Jacek$eIl.
=710  2\$aWydawnictwo WAM$4pbl$1http://viaf.org/viaf/156512962
=995  \\$aPolska Bibliografia Literacka$bPBL 2013-2020: książki

