=LDR  01238nam a2200337 i 4500
=001  b0000002847593
=005  20210618055419.1
=008  130207s2013\\\\pl\a\\\\\\\\\|000\0\pol\\
=009  991014876529705066
=015  \\$aUWD 2013/5405
=020  \\$a9788360540060
=040  \\$aWA N$cWA N
=080  \\$a821.162.1-3
=080  \\$a821.162.1-7
=100  1\$aStronczek, Anna$d(1942- )$1http://viaf.org/viaf/164911960
=245  10$aSodōma i Gōmora na Ślōnsku :$bgawyndy śmiyszne a ucieszne /$cStronczek Anna ; [obrazki Anna Stronczek].
=260  \\$aZabrze :$bNarodowa Oficyna Śląska,$c2013.
=300  \\$a138 s. :$bil. ;$c20 cm.
=336  \\$aTekst$btxt$2rdacontent
=337  \\$aBez urządzenia pośredniczącego$bn$2rdamedia
=338  \\$aWolumin$bnc$2rdacarrier
=380  \\$iMajor genre$aLiterature$leng
=380  \\$aKsiążki
=381  \\$iMajor genre$aFiction$leng
=381  \\$iMajor genre$aOther$leng
=388  1\$a2001-
=500  \\$aTekst w gwarze śląskiej.
=655  \7$aProza polska$y21 w.$2DBN
=655  \7$aSatyra polska$y21 w.$2DBN
=710  2\$aNarodowa Oficyna Śląska, Andrzej Roczniok$4pbl$1http://viaf.org/viaf/298318505
=995  \\$aPolska Bibliografia Literacka$bPBL 2013-2020: książki

