=LDR  01158nam a2200325 i 4500
=001  b0000002847622
=005  20210321073747.5
=008  130207s2013\\\\pl\a\\\\\\\\\|000\j\pol\\
=009  991014877719705066
=015  \\$aUWD 2013/5334
=020  \\$a9788377671788
=040  \\$aWA N$cWA N
=041  1\$apol$hcze
=080  \\$a821.162.3-3
=100  1\$aMartin, Eduard$d(1951- )$1http://viaf.org/viaf/61960212
=245  10$aSchody do raju /$cEduard Martin ; przekł. Andrzej Babuchowski.
=246  1\$iTyt. oryg.:$aSchody do ráje,$f2010
=260  \\$aKraków :$bWydawnictwo WAM,$ccop. 2013.
=300  \\$a166 s. ;$c21 cm.
=336  \\$aTekst$btxt$2rdacontent
=337  \\$aBez urządzenia pośredniczącego$bn$2rdamedia
=338  \\$aWolumin$bnc$2rdacarrier
=380  \\$iMajor genre$aLiterature$leng
=380  \\$aKsiążki
=381  \\$iMajor genre$aFiction$leng
=388  1\$a2001-
=655  \7$aOpowiadanie czeskie$y21 w.$2DBN
=700  1\$aBabuchowski, Andrzej$d(1944- )$eTł.$1http://viaf.org/viaf/78832614
=710  2\$aWydawnictwo WAM$4pbl$1http://viaf.org/viaf/156512962
=995  \\$aPolska Bibliografia Literacka$bPBL 2013-2020: książki

