=LDR  01101nam a2200301 i 4500
=001  b0000002847636
=005  20210618055304.4
=008  130207s2013\\\\pl\a\\\\\\\\\|000\j\pol\\
=009  991014878269705066
=015  \\$aUWD 2013/5406
=020  \\$a9788360540145
=040  \\$aWA N$cWA N
=080  \\$a398.2(438)
=080  \\$a821.162.1-3
=100  1\$aStronczek, Anna$d(1942- )$1http://viaf.org/viaf/164911960
=245  10$aZa gōrami za lasami /$cStronczek Anna ; [obrazki Stronczek Anna].
=260  \\$aZabrze :$bNarodowa Oficyna Śląska,$c2013.
=300  \\$a103, [1] s. :$bil. kolor. ;$c20 cm.
=336  \\$aTekst$btxt$2rdacontent
=337  \\$aBez urządzenia pośredniczącego$bn$2rdamedia
=338  \\$aWolumin$bnc$2rdacarrier
=380  \\$iMajor genre$aLiterature$leng
=380  \\$aKsiążki
=381  \\$iMajor genre$aOther$leng
=651  \7$aŚląsk$xetnografia$2DBN
=655  \7$aLegendy i podania polskie$2DBN
=710  2\$aNarodowa Oficyna Śląska, Andrzej Roczniok$4pbl$1http://viaf.org/viaf/298318505
=995  \\$aPolska Bibliografia Literacka$bPBL 2013-2020: książki

