=LDR  01263nam a2200325 i 4500
=001  b0000002847643
=005  20210623054325.7
=008  130207s2013\\\\pl\a\\\\\\\\\|000\j\pol\\
=009  991014878559705066
=015  \\$aUWD 2013/5401
=020  \\$a9788360540121
=040  \\$aWA N$cWA N
=080  \\$a821.162.1-3
=100  1\$aPtaszyński, Stanisław$d(1933- )$1http://viaf.org/viaf/296446907
=245  10$aÔszkubek utopek spod Rudy :$bgodki starzika z Rybnika : ino do moajoryntnych /$cStanisław Ptaszyński ; [rys. Michał Ptaszyński i Konrad Gontarczyk].
=260  \\$aZabrze :$bNarodowa Oficyna Śląska,$c2013.
=300  \\$a144 s. :$bil. ;$c20 cm.
=336  \\$aTekst$btxt$2rdacontent
=337  \\$aBez urządzenia pośredniczącego$bn$2rdamedia
=338  \\$aWolumin$bnc$2rdacarrier
=380  \\$iMajor genre$aLiterature$leng
=380  \\$aKsiążki
=381  \\$iMajor genre$aFiction$leng
=388  1\$a2001-
=500  \\$aTekst w gwarze śląskiej.
=655  \7$aProza polska$y21 w.$2DBN
=700  1\$aGontarczyk, Konrad$eIl.
=700  1\$aPtaszyński, Michał$eIl.
=710  2\$aNarodowa Oficyna Śląska, Andrzej Roczniok$4pbl$1http://viaf.org/viaf/298318505
=995  \\$aPolska Bibliografia Literacka$bPBL 2013-2020: książki

