=LDR  01237nam a2200325 i 4500
=001  b0000002847708
=005  20210618055527.9
=008  130207s2013\\\\pl\a\\\\\\\\\|000\0\pol\\
=009  991014881259705066
=015  \\$aUWD 2013/5369
=020  \\$a9788360540855
=040  \\$aWA N$cWA N
=080  \\$a398.2(438)
=080  \\$a821.162.1-3
=100  1\$aBuczyński, Jerzy$d(1956- )$1http://viaf.org/viaf/24050077
=245  10$aSkarbiec śląskich legend /$cJerzy Buczyński ; [rys. Kazimiera Drewniok].
=260  \\$aZabrze :$bNarodowa Oficyna Śląska,$c2013.
=300  \\$a138 s. :$bil. ;$c20 cm.
=336  \\$aTekst$btxt$2rdacontent
=337  \\$aBez urządzenia pośredniczącego$bn$2rdamedia
=338  \\$aWolumin$bnc$2rdacarrier
=380  \\$iMajor genre$aLiterature$leng
=380  \\$aKsiążki
=381  \\$iMajor genre$aOther$leng
=500  \\$aTekst w gwarze śląskiej.
=651  \7$aŚląsk$xetnografia$2DBN
=655  \7$aLegendy i podania polskie$2DBN
=700  1\$aDrewniok-Woryna, Kazimiera$d(1937- )$eIl.$1http://viaf.org/viaf/101634260
=710  2\$aNarodowa Oficyna Śląska, Andrzej Roczniok$4pbl$1http://viaf.org/viaf/298318505
=995  \\$aPolska Bibliografia Literacka$bPBL 2013-2020: książki

