=LDR  01731nam a2200469 i 4500
=001  b0000002847778
=005  20210601054210.3
=008  130207s2013\\\\pl\a\\\\\\\\\|000\0apol\\
=009  991014884159705066
=015  \\$aUWD 2013/5490
=020  \\$a9788361283713
=020  \\$a9788377052297
=040  \\$aWA N$cWA N
=080  \\$a929-051(438)"19"
=080  \\$a94(438).082.2
=100  1\$aDąmbski, Stefan$d(1925-1993)$1http://viaf.org/viaf/164734152
=245  10$aEgzekutor /$cStefan Dąmbski ; [wybór i oprac. red. Aleksandra Janiszewska, Maria Krawczyk, Anna Richter].
=250  \\$aWyd. 2.
=260  \\$aWarszawa :$bOśrodek Karta :$bCarta Blanca,$c2013.
=300  \\$a135 s. :$bil. ;$c20 cm.
=336  \\$aTekst$btxt$2rdacontent
=337  \\$aBez urządzenia pośredniczącego$bn$2rdamedia
=338  \\$aWolumin$bnc$2rdacarrier
=380  \\$iMajor genre$aLiterature$leng
=380  \\$aKsiążki
=381  \\$iMajor genre$aOther$leng
=490  1\$aKarty Historii
=490  1\$aLiteratura Faktu PWN
=600  17$aDąmbski, Stefan$d(1925-1993)$2DBN$1http://viaf.org/viaf/164734152
=610  27$aPodobwód Rzeszów Południe (Armia Krajowa)$2DBN
=648  \7$a1901-2000$2DBN
=648  \7$a1939-1945$2DBN
=650  \7$aKara śmierci$zPolska$y1939-1945 r.$2DBN
=655  \7$aPamiętniki polskie$y1939-1945 r.$2DBN
=700  1\$aJaniszewska, Aleksandra$eOprac.
=700  1\$aKrawczyk, Maria Magdalena$eOprac.
=700  1\$aRichter, Anna$eOprac.
=710  2\$aCarta Blanca$4pbl$1http://viaf.org/viaf/313079007
=710  2\$aOśrodek "Karta" (Warszawa)$4pbl
=830  \0$aKarty Historii
=830  \0$aLiteratura Faktu PWN
=995  \\$aPolska Bibliografia Literacka$bPBL 2013-2020: książki

