=LDR  01387nam a2200361 i 4500
=001  b0000002847783
=005  20210320072840.9
=008  130207s2013\\\\pl\\\\\\\\\\\|000\1\pol\\
=009  991014884349705066
=015  \\$aUWD 2013/5289
=020  \\$a9788362661862
=040  \\$aWA N$cWA N$dWA N
=041  1\$apol$hfre
=080  \\$a821.133.1-3
=100  1\$aBédier, Joseph$d(1864-1938)$eAutor$1http://viaf.org/viaf/59078717
=245  10$aDzieje Tristana i Izoldy /$cprzeł. Tadeusz Boy-Żeleński.
=260  \\$aSandomierz :$bWydawnictwo Armoryka,$c2013.
=300  \\$a112, [2] s. ;$c21 cm.
=336  \\$aTekst$btxt$2rdacontent
=337  \\$aBez urządzenia pośredniczącego$bn$2rdamedia
=338  \\$aWolumin$bnc$2rdacarrier
=380  \\$iMajor genre$aLiterature$leng
=380  \\$aKsiążki
=381  \\$iMajor genre$aFiction$leng
=490  1\$aBiblioteka Celtycka ;$vnr 12
=500  \\$aTyt. oryg.: [Le Roman de Tristan et Iseut]. Autor: Joseph Bédier. Na książce także pseud. tł.: Boy.
=546  \\$aTł. z fr.
=648  \7$a1801-1900$2DBN
=655  \7$aPowieść francuska$y19 w.$2DBN
=700  1\$aŻeleński, Tadeusz$d(1874-1941)$eTł.$1http://viaf.org/viaf/2478472
=710  2\$aWydawnictwo Armoryka$4pbl$1http://viaf.org/viaf/313081887
=830  \0$aBiblioteka Celtycka$vnr 12
=995  \\$aPolska Bibliografia Literacka$bPBL 2013-2020: książki

