=LDR  01678nam a2200469 i 4500
=001  b0000002847816
=005  20210321073250.9
=008  130207s2013\\\\pl\\\\\\\\\\\|000\0apol\\
=009  991014885809705066
=015  \\$aUWD 2013/5477
=020  \\$a9788361283850
=020  \\$a9788377052310
=040  \\$aWA N$cWA N
=041  1\$apol$hrus
=080  \\$a355.1(47+57)
=080  \\$a929-051(47+57)"19"
=080  \\$a94(100)"1939/1945"
=100  1\$aNikulin, Nikolaj Nikolaevič$d(1923-2009)$1http://viaf.org/viaf/85780372
=245  10$aSołdat /$cNikołaj Nikulin ; [tł. z jęz. ros. Agnieszka Knyt].
=246  1\$iTyt. oryg.:$aVospominaniâ o vojne,$f2008
=260  \\$aWarszawa :$bOśrodek Karta :$bCarta Blanca,$c2013.
=300  \\$a319 s. ;$c20 cm.
=336  \\$aTekst$btxt$2rdacontent
=337  \\$aBez urządzenia pośredniczącego$bn$2rdamedia
=338  \\$aWolumin$bnc$2rdacarrier
=380  \\$iMajor genre$aLiterature$leng
=380  \\$aKsiążki
=381  \\$iMajor genre$aOther$leng
=490  1\$aKarty Historii
=490  1\$aLiteratura Faktu PWN
=600  17$aNikulin, Nikolaj Nikolaevič$d(1923-2009)$2DBN$1http://viaf.org/viaf/85780372
=648  \7$a1901-2000$2DBN
=648  \7$a1939-1945$2DBN
=650  \7$aII wojna światowa (1939-1945)$2DBN
=650  \7$aWojsko$zZSRR$y1939-1945 r.$2DBN
=655  \7$aPamiętniki rosyjskie$y1939-1945 r.$2DBN
=700  1\$aKnyt, Agnieszka$eTł.
=710  2\$aCarta Blanca$4pbl$1http://viaf.org/viaf/313079007
=710  2\$aOśrodek "Karta" (Warszawa)$4pbl
=830  \0$aKarty Historii
=830  \0$aLiteratura Faktu PWN
=995  \\$aPolska Bibliografia Literacka$bPBL 2013-2020: książki

