=LDR  01041nam a2200289 i 4500
=001  b0000002847986
=005  20210320073239.2
=008  130208s2013\\\\pl\\\\\\\\\\\|000\f\pol\\
=009  991014892339705066
=015  \\$aUWD 2013/5384
=020  \\$a9788376593937
=040  \\$aWA N$cWA N
=080  \\$a821.162.1-3
=100  1\$aKowszewicz, Malwina$d(1979- )$1http://viaf.org/viaf/102174820
=245  10$aBordeaux piąta rano /$cMalwina Kowszewicz.
=260  \\$aWarszawa :$bWydawnictwo Albatros A. Kuryłowicz,$c2013.
=300  \\$a302, [1] s. ;$c20 cm.
=336  \\$aTekst$btxt$2rdacontent
=337  \\$aBez urządzenia pośredniczącego$bn$2rdamedia
=338  \\$aWolumin$bnc$2rdacarrier
=380  \\$iMajor genre$aLiterature$leng
=380  \\$aKsiążki
=381  \\$iMajor genre$aFiction$leng
=388  1\$a2001-
=655  \7$aPowieść polska$y21 w.$2DBN
=710  2\$aWydawnictwo Albatros, Andrzej Kuryłowicz$4pbl$1http://viaf.org/viaf/3701156012407649700006
=995  \\$aPolska Bibliografia Literacka$bPBL 2013-2020: książki

