=LDR  01225nam a2200337 i 4500
=001  b0000002848007
=005  20210320073351.6
=008  130208s2013\\\\pl\\\\\\\\\\\|000\f\pol\\
=009  991014893159705066
=015  \\$aUWD 2013/5323
=020  \\$a9788376599137
=040  \\$aWA N$cWA N
=041  1\$apol$heng
=080  \\$a821.111(73)-3
=100  1\$aLee, Patrick$d(1976- )$1http://viaf.org/viaf/107451895
=245  10$aTunel /$cPatrick Lee ; z ang. przeł. Krzysztof Bednarek.
=246  1\$iTyt. oryg.:$aBreach,$f2010
=260  \\$aWarszawa :$bWydawnictwo Albatros A. Kuryłowicz,$c2013.
=300  \\$a383, [1] s. ;$c21 cm.
=336  \\$aTekst$btxt$2rdacontent
=337  \\$aBez urządzenia pośredniczącego$bn$2rdamedia
=338  \\$aWolumin$bnc$2rdacarrier
=380  \\$iMajor genre$aLiterature$leng
=380  \\$aKsiążki
=381  \\$iMajor genre$aFiction$leng
=388  1\$a2001-
=500  \\$aTyt. oryg.: "The breach" 2010.
=655  \7$aPowieść amerykańska$y21 w.$2DBN
=700  1\$aBednarek, Krzysztof$c(tłumacz)$eTł.
=710  2\$aWydawnictwo Albatros, Andrzej Kuryłowicz$4pbl$1http://viaf.org/viaf/3701156012407649700006
=995  \\$aPolska Bibliografia Literacka$bPBL 2013-2020: książki

