=LDR  01275nam a2200337 i 4500
=001  b0000002848013
=005  20210321073533.1
=008  130208s2013\\\\pl\\\\\\\\\\\|000\f\pol\\
=009  991014893419705066
=015  \\$aUWD 2013/5329
=020  \\$a9788376599588
=040  \\$aWA N$cWA N
=041  1\$apol$heng
=080  \\$a821.111(73)-3
=100  1\$aLudlum, Robert$d(1927-2001)$1http://viaf.org/viaf/109373898
=245  10$aImperium Akwitanii /$cRobert Ludlum ; z ang. przeł. Tomasz Wyżyński.
=246  1\$iTyt. oryg.:$aAquitaine progression,$f1984
=260  \\$aWarszawa :$bWydawnictwo Albatros A. Kuryłowicz,$c2013.
=300  \\$a654, [1] s. ;$c20 cm.
=336  \\$aTekst$btxt$2rdacontent
=337  \\$aBez urządzenia pośredniczącego$bn$2rdamedia
=338  \\$aWolumin$bnc$2rdacarrier
=380  \\$iMajor genre$aLiterature$leng
=380  \\$aKsiążki
=381  \\$iMajor genre$aFiction$leng
=500  \\$aTyt. oryg.: "The Aquitaine progreession" 1984.
=648  \7$a1901-2000$2DBN
=655  \7$aPowieść amerykańska$y20 w.$2DBN
=700  1\$aWyżyński, Tomasz$eTł.
=710  2\$aWydawnictwo Albatros, Andrzej Kuryłowicz$4pbl$1http://viaf.org/viaf/3701156012407649700006
=995  \\$aPolska Bibliografia Literacka$bPBL 2013-2020: książki

