=LDR  01207nam a2200325 i 4500
=001  b0000002848018
=005  20210321073622.0
=008  130208s2013\\\\pl\\\\\\\\\\\|000\f\pol\\
=009  991014893619705066
=015  \\$aUWD 2013/5434
=020  \\$a9788363579111
=040  \\$aWA N$cWA N
=041  1\$apol$hger
=080  \\$a821.112.2-93
=100  1\$aLankers, Katrin$d(1977- )$1http://viaf.org/viaf/67667988
=245  10$aSpojrzenie elfa /$cKatrin Lankers ; tł. z jęz. niem. Mirosława Sobolewska.
=246  1\$iTyt. oryg.:$aElfenblick,$f2012.
=260  \\$aRzeszów :$bDreams Wydawnictwo Lidia Miś-Nowak,$ccop. 2013.
=300  \\$a351, [1] s. ;$c22 cm.
=336  \\$aTekst$btxt$2rdacontent
=337  \\$aBez urządzenia pośredniczącego$bn$2rdamedia
=338  \\$aWolumin$bnc$2rdacarrier
=380  \\$iMajor genre$aLiterature$leng
=380  \\$aKsiążki
=381  \\$iMajor genre$aFiction$leng
=388  1\$a2001-
=655  \7$aPowieść młodzieżowa niemiecka$y21 w.$2DBN
=700  1\$aUmińska-Sobolewska, Mirosława$eTł.
=710  2\$aWydawnictwo Dreams, Lidia Miś-Nowak$4pbl$1http://viaf.org/viaf/303070997
=995  \\$aPolska Bibliografia Literacka$bPBL 2013-2020: książki

