=LDR  01167nam a2200325 i 4500
=001  b0000002848026
=005  20210321074012.4
=008  130208s2013\\\\pl\\\\\\\\\\\|000\f\pol\\
=009  991014893939705066
=015  \\$aUWD 2013/5333
=020  \\$a9788376599281
=040  \\$aWA N$cWA N
=041  1\$apol$heng
=080  \\$a821.111(71)-3
=100  1\$aMartel, Yann$d(1963- )$1http://viaf.org/viaf/85372278
=245  10$aŻycie Pi /$cYann Martel ; z ang. przeł. Magdalena Słysz.
=246  1\$iTyt. oryg.:$aLife of Pi,$f2001
=260  \\$aWarszawa :$bWydawnictwo Albatros A. Kuryłowicz,$c2013.
=300  \\$a398, [1] s. ;$c21 cm.
=336  \\$aTekst$btxt$2rdacontent
=337  \\$aBez urządzenia pośredniczącego$bn$2rdamedia
=338  \\$aWolumin$bnc$2rdacarrier
=380  \\$iMajor genre$aLiterature$leng
=380  \\$aKsiążki
=381  \\$iMajor genre$aFiction$leng
=388  1\$a2001-
=655  \7$aPowieść kanadyjska$y21 w.$2DBN
=700  1\$aSłysz, Magdalena$eTł.
=710  2\$aWydawnictwo Albatros, Andrzej Kuryłowicz$4pbl$1http://viaf.org/viaf/3701156012407649700006
=995  \\$aPolska Bibliografia Literacka$bPBL 2013-2020: książki

