=LDR  01257nam a2200337 i 4500
=001  b0000002848072
=005  20210321073053.6
=008  130208s2013\\\\pl\a\\\\\\\\\|000\f\pol\\
=009  991014895749705066
=015  \\$aUWD 2013/5343
=020  \\$a9788376597409
=040  \\$aWA N$cWA N
=041  1\$apol$heng
=080  \\$a821.111(73)-3
=100  1\$aPatterson, James$d(1947- )$1http://viaf.org/viaf/22272314
=245  10$aKłamstwo doskonałe /$cJames Patterson, Michael Ledwidge ; [z ang. przeł. Małgorzata Stefaniuk].
=246  1\$iTyt. oryg.:$aNow you see her,$f2011
=260  \\$aWarszawa :$bWydawnictwo Albatros A. Kuryłowicz,$c2013.
=300  \\$a396, [3] s. ;$c21 cm.
=336  \\$aTekst$btxt$2rdacontent
=337  \\$aBez urządzenia pośredniczącego$bn$2rdamedia
=338  \\$aWolumin$bnc$2rdacarrier
=380  \\$iMajor genre$aLiterature$leng
=380  \\$aKsiążki
=381  \\$iMajor genre$aFiction$leng
=388  1\$a2001-
=655  \7$aPowieść amerykańska$y21 w.$2DBN
=700  1\$aLedwidge, Michael
=700  1\$aStefaniuk, Małgorzata$eTł.
=710  2\$aWydawnictwo Albatros, Andrzej Kuryłowicz$4pbl$1http://viaf.org/viaf/3701156012407649700006
=995  \\$aPolska Bibliografia Literacka$bPBL 2013-2020: książki

