=LDR  01168nam a2200385 i 4500
=001  b0000002848079
=005  20210714052340.0
=008  130208s2013\\\\pl\a\\\\\\\\\|000\0\pol\\
=009  991014896019705066
=015  \\$aUWD 2013/5449
=020  \\$a9788363189334
=040  \\$aWA N$cWA N$dWA N
=080  \\$a913(510)
=080  \\$a913(680)
=080  \\$a913(866)
=080  \\$a929-051(438)"20"
=100  1\$aBucholski, Marek
=245  10$aPodróże dość dalekie /$cMarek Bucholski.
=260  \\$aGorzów Wlkp. :$bSonar,$c[2013].
=300  \\$a148 s. :$bil. kolor. ;$c21 cm.
=336  \\$aTekst$btxt$2rdacontent
=337  \\$aBez urządzenia pośredniczącego$bn$2rdamedia
=338  \\$aWolumin$bnc$2rdacarrier
=380  \\$iMajor genre$aLiterature$leng
=380  \\$aKsiążki
=381  \\$iMajor genre$aOther$leng
=600  17$aBucholski, Marek$2DBN
=648  \7$a2001-$2DBN
=651  \7$aChiny$y21 w.$2DBN
=651  \7$aEkwador$y21 w.$2DBN
=651  \7$aRPA$2DBN
=655  \7$aLiteratura podróżnicza polska$y21 w.$2DBN
=658  \\$aHistoria
=710  2\$aSonar$4pbl
=995  \\$aPolska Bibliografia Literacka$bPBL 2013-2020: książki

