=LDR  00990nam a2200289 i 4500
=001  b0000002848166
=005  20210321073426.0
=008  130208s2013\\\\pl\\\\\\\\\\\|000\f\pol\\
=009  991014899589705066
=015  \\$aUWD 2013/5371
=020  \\$a9788363939083
=040  \\$aWA N$cWA N
=080  \\$a821.162.1-3
=100  1\$aDobrzyńska, Luiza$d(1966- )$1http://viaf.org/viaf/164543029
=245  10$aKawalkada /$cLuiza Dobrzyńska.
=260  \\$aPruszków :$bPracownia Wydawnictwo Evanart,$ccop. 2013.
=300  \\$a195 s. ;$c20 cm.
=336  \\$aTekst$btxt$2rdacontent
=337  \\$aBez urządzenia pośredniczącego$bn$2rdamedia
=338  \\$aWolumin$bnc$2rdacarrier
=380  \\$iMajor genre$aLiterature$leng
=380  \\$aKsiążki
=381  \\$iMajor genre$aFiction$leng
=388  1\$a2001-
=655  \7$aPowieść polska$y21 w.$2DBN
=710  2\$aWydawnictwo Evanart$4pbl$1http://viaf.org/viaf/301031486
=995  \\$aPolska Bibliografia Literacka$bPBL 2013-2020: książki

