=LDR  01415nam a2200373 i 4500
=001  b0000002848375
=005  20210527070502.1
=008  130208s2013\\\\pl\\\\\\\\\\\|000\f\pol\\
=009  991014907939705066
=015  \\$aUWD 2013/5276
=020  \\$a9788376599458
=040  \\$aWA N$cWA N
=041  1\$apol$heng
=080  \\$a821.111-3
=100  1\$aChild, Lee$d(1954- )$1http://viaf.org/viaf/100304282
=245  10$aOstatnia sprawa /$cLee Child ; z ang. przeł. Lech Z. Żołędziowski.
=246  1\$iTyt. oryg.:$aAffair,$f2011
=260  \\$aWarszawa :$bWydawnictwo Albatros A. Kuryłowicz,$c2013.
=300  \\$a478, [1] s. ;$c20 cm.
=336  \\$aTekst$btxt$2rdacontent
=337  \\$aBez urządzenia pośredniczącego$bn$2rdamedia
=338  \\$aWolumin$bnc$2rdacarrier
=380  \\$iMajor genre$aLiterature$leng
=380  \\$aKsiążki
=381  \\$iMajor genre$aFiction$leng
=388  1\$a2001-
=490  1\$aJack Reacher / Lee Child
=500  \\$aTyt. oryg.: "The affair" 2011, tyt. oryg. cyklu: [Jack Reacher thiller].
=655  \7$aPowieść angielska$y21 w.$2DBN
=700  1\$aŻołędziowski, Lech$eTł.
=710  2\$aWydawnictwo Albatros, Andrzej Kuryłowicz$4pbl$1http://viaf.org/viaf/3701156012407649700006
=800  1\$aChild, Lee$d(1954- ).$tJack Reacher
=923  \\$aWydawnictwo Albatros, Andrzej Kuryłowicz
=995  \\$aPolska Bibliografia Literacka$bPBL 2013-2020: książki

