=LDR  00964nam a2200289 i 4500
=001  b0000002848389
=005  20210321073602.0
=008  130208s2013\\\\pl\\\\\\\\\\\|000\p\pol\\
=009  991014908449705066
=015  \\$aUWD 2013/5397
=020  \\$a9788393671106
=040  \\$aWA N$cWA N
=080  \\$a821.162.1-1
=100  1\$aNawój, Krystyna Aleksandra$d(1962- )$4pbl$1http://viaf.org/viaf/306401529
=245  10$aMiłość, nadzieja i wiara... /$cKrystyna Nawój.
=250  \\$aWyd. 2. uzup.
=260  \\$a[Przelewice :$bnakł. aut.,$c2013].
=300  \\$a[28] s. ;$c21 cm.
=336  \\$aTekst$btxt$2rdacontent
=337  \\$aBez urządzenia pośredniczącego$bn$2rdamedia
=338  \\$aWolumin$bnc$2rdacarrier
=380  \\$iMajor genre$aLiterature$leng
=380  \\$aKsiążki
=381  \\$iMajor genre$aLyrical poetry$leng
=388  1\$a2001-
=655  \7$aPoezja polska$y21 w.$2DBN
=995  \\$aPolska Bibliografia Literacka$bPBL 2013-2020: książki

