=LDR  01533nam a2200361 i 4500
=001  b0000002850472
=005  20200604055328.3
=008  130211s2013\\\\pl\\\\\\\\\\\|010\p\pol\\
=009  991014991859705066
=015  \\$aUWD 2013/6157
=020  \\$a9788389258557
=040  \\$aWA N$cWA N
=080  \\$a821.162.1-1
=245  00$aWiersze kołysane wiatrem :$balmanach Koła Poezji Nie-Odkrytej "Szuflada" działającego w klubie "Igrek" Spółdzielni Mieszkaniowej "Budowlani" w Radomiu /$c[red. Walentyna Pawelec, Wiesława Zofia Didyk] ; Koło Poezji Nie-Odkrytej "Szuflada".
=260  \\$aRadom :$bP.W. "Placówka",$c2013.
=300  \\$a76 s. ;$c22 cm.
=336  \\$aTekst$btxt$2rdacontent
=337  \\$aBez urządzenia pośredniczącego$bn$2rdamedia
=338  \\$aWolumin$bnc$2rdacarrier
=380  \\$iMajor genre$aLiterature$leng
=380  \\$aKsiążki
=381  \\$iMajor genre$aOther$leng
=381  \\$iMajor genre$aLyrical poetry$leng
=388  1\$a1901-2000
=388  1\$a2001-
=500  \\$aNa s. tyt. i okł. zeszyt 10. oznacza nr kolejnej publ. "Szuflady". U dołu okł.: Zeszyt 10 - jubileuszowy.
=504  \\$aBibliogr. s. 73.
=655  \7$aAntologia$2DBN
=655  \7$aPoezja polska$y20-21 w.$2DBN
=700  1\$aDidyk, Wiesława$eRed.
=700  1\$aPawelec, Walentyna$d(1951- )$eRed.$1http://viaf.org/viaf/101643379
=710  2\$aPrzedsiębiorstwo Wielobranżowe Placówka, Walentyna Pawelec$4pbl$1http://viaf.org/viaf/299448486
=995  \\$aPolska Bibliografia Literacka$bPBL 2013-2020: książki
